1747 2796
295 110 336 132 22
817 99 841 131 Ι.
874 98 1135 132 ΕΗΞΤΗΛΕ

293 197 422 221 nuum
457 182 646 221 merentis
679 181 943 236 stipendium,
971 180 1007 219 id
1040 196 1203 235 quoque
1228 181 1444 235 inopinum
1480 182 1653 229 accessit,

292 236 398 289 quod
424 236 471 274 ad
493 237 614 289 partis
637 235 743 275 orbis
773 236 829 274 eoi
854 242 1073 289 postremas
1099 236 1233 274 venire
1261 235 1356 274 iussi
1380 236 1563 276 homines
1585 236 1654 275 ad-

292 290 392 329 sueti
433 290 663 341 glacialibus
695 290 825 338 terris,
856 289 1145 343 separandique
1174 289 1306 328 liberis
1334 295 1372 328 et
1400 290 1653 344 coniugibus,

291 340 450 397 egentes
476 344 738 383 trahebantur
773 350 811 383 et
851 343 964 382 nudi.
1005 343 1121 383 [nde
1157 343 1271 382 solito
1313 344 1465 384 saevius
1502 345 1652 384 efferati

295 404 404 436 nocte
436 398 477 436 in
511 413 641 436 unum
666 398 817 437 collecti
839 397 1034 451 palatium
1063 397 1256 444 obsidere,
1282 398 1511 451 Augustum
1534 398 1654 438 Iulia—

293 467 392 490 num
417 452 576 490 vocibus
615 452 769 505 magnis
806 451 1050 505 appellantes
1090 458 1130 490 et
1169 451 1329 490 crebris.
1363 467 1401 503 ι).
1438 452 1651 500 Cohorrui,

293 506 427 553 fateor,
454 513 492 544 et
509 507 657 552 secessi,
687 506 1004 559 amendatusque
1035 506 1133 544 dum
1169 505 1279 559 potui
1311 505 1481 546 salutem
1504 521 1655 546 mussa-

293 560 398 598 tione
420 560 696 612 quaeritabam
722 567 754 599 ct
783 560 954 598 latebris.
972 561 1158 613 Cumque
1174 560 1309 599 nullae
1322 559 1513 599 darentur
1534 560 1654 600 indu-

293 614 382 658 tiae,
410 614 532 653 libero
553 615 717 667 pectoris
742 630 875 661 muro,
904 621 946 652 ut
971 615 1023 652 ita
1048 613 1236 661 dixerim,
1274 621 1445 668 saeptus,
1469 629 1653 668 progres-

289 682 352 706 sus
377 674 467 706 ante
497 675 755 722 conspectum
777 668 962 707 omnium
989 668 1093 714 steti,
1121 668 1268 707 molliri
1290 682 1402 722 posse
1426 669 1651 708 tumultum

288 723 520 761 auctoritate
544 729 650 761 ratus
667 723 723 761 rel
739 722 990 762 sermonibus
1015 722 1183 761 blandis.
1213 736 1269 761 ιο.
1293 722 1479 762 Exarsere
1501 723 1651 762 mirum

288 777 327 814 in
350 777 535 822 modum,
574 791 619 815 eo
640 791 766 830 usque
792 777 960 829 prorecti
994 783 1052 823 ut,
1075 777 1269 830 quoniam
1295 776 1477 830 precibus
1500 777 1653 817 vincere

287 830 543 890 pertinaciam
572 830 758 878 conabar,
789 831 982 869 instanter
1007 837 1176 869 mortem
1211 830 1408 883 contiguis
1428 830 1652 870 adsultibus

288 891 546 923 mtentarent.
573 885 710 923 Victus
745 885 919 939 denique
960 899 1199 938 mecumque
1240 885 1320 939 ipse
1357 885 1650 939 contemplans,

287 938 393 991 quod
415 939 514 977 alter
534 941 710 978 confosso
735 954 799 978 me
831 939 990 978 forsitan
1015 939 1140 978 libens
1164 938 1433 977 declarabitur
1453 939 1649 994 princepS,

286 992 470 1031 adsensus
494 1008 599 1040 sum,
624 993 702 1031 vim
729 993 852 1032 lenire
873 1007 1033 1046 sperans
1056 1000 1266 1031 armatam.

346 1062 352 1084 ι
374 1062 402 1085 ι.
428 1049 640 1086 Gestorum
664 1047 725 1085 hic
745 1054 875 1086 textus
904 1054 975 1087 est.
1008 1062 1129 1100 quem
1163 1054 1296 1086 mente
1319 1061 1469 1101 quaeso
1485 1047 1652 1101 accipito

289 1100 450 1153 placida.
471 1101 691 1140 Necactum
714 1101 937 1154 quidquam
955 1115 1063 1139 secus
1084 1101 1298 1146 existimes,
1320 1101 1376 1141 vel
1399 1108 1652 1141 susurrantes

285 1155 501 1208 perniciosa
547 1155 741 1209 malignos
784 1155 971 1194 admittas
1017 1155 1062 1193 ad
1107 1155 1329 1209 conpendia
1374 1170 1443 1194 sua
1483 1155 1651 1195 excitare

284 1209 513 1248 secessiones
555 1210 785 1263 principum
824 1209 1007 1247 adsuetos
1043 1224 1051 1256 ;
1085 1209 1149 1248 sed
1190 1209 1420 1249 adulatione
1458 1210 1649 1249 vitiorum
1692 1226 1706 1245 'L

284 1262 418 1302 altrice
441 1263 619 1317 depulsa,
649 1263 1020 1303 excellentissimam
1060 1263 1257 1302 virtutum
1282 1263 1469 1302 omnium
1491 1264 1650 1304 adverte

285 1317 493 1358 iustitiam.
532 1325 569 1356 ct
605 1318 886 1357 condicionum
913 1317 1160 1371 aequitatem
1190 1332 1313 1371 quam
1337 1332 1516 1371 propono
1545 1318 1648 1357 bona

285 1371 360 1410 tide
393 1371 595 1425 suscipito,
632 1387 723 1410 cum
762 1372 900 1410 animo
937 1372 1145 1426 disputans
1180 1371 1274 1410 haec
1309 1371 1429 1410 statui
1468 1372 1649 1411 Romano

284 1424 460 1477 prodesse
490 1426 692 1479 nobisque,
724 1427 795 1479 qui
816 1426 976 1464 caritate
1005 1425 1212 1477 sanguinis
1244 1434 1277 1464 et
1318 1426 1502 1465 {ortunae
1533 1440 1648 1480 supe-

282 1479 395 1517 rioris
431 1479 608 1518 culmine
641 1490 852 1519 sociamur.
894 1494 950 1518 12.
1002 1479 1162 1533 Ignosce
1198 1479 1376 1518 ‹·nim....
1410 1494 1513 1533 quae
1554 1495 1647 1519 cum
1689 1497 1692 1501 ·

283 1533 433 1573 ratione
463 1541 680 1587 poscuntur
714 1542 901 1572 nontam
943 1534 1026 1572 lieri
1063 1534 1196 1587 cupio,
1266 1548 1361 1572 uam
1399 1548 1418 1572 a
1463 1540 1500 1573 te
1533 1534 1646 1573 utilia

284 1588 436 1639 probari
463 1594 500 1626 et
525 1595 643 1635 recta,
675 1588 785 1626 avide
819 1595 884 1626 tua
916 1594 1118 1641 praecepta
1140 1548 1283 1627 deinde
1307 1601 1470 1641 quoque
1493 1603 1648 1642 suscep-

285 1648 410 1679 turus

340 1695 398 1734 13.
426 1696 536 1744 Quae
568 1710 717 1735 necesse
742 1695 791 1734 sit
822 1696 921 1742 lieri,
949 1695 986 1733 iu
1009 1696 1281 1749 conpendium
1306 1695 1483 1748 redigam
1512 1695 1640 1734 breve.

280 1748 411 1802 Equos
432 1749 627 1802 praebebo
656 1750 836 1788 currules
872 1750 1069 1803 Hispanos
1101 1756 1140 1788 et
1166 1749 1387 1788 miscendos
1419 1749 1646 1788 Gentilibus

280 1810 399 1856 atque
436 1804 627 1842 Scutariis
660 1804 923 1842 aduliscentes
961 1805 1099 1842 Laetos
1134 1803 1346 1857 quosdam,
1378 1803 1431 1842 cis
1454 1803 1644 1842 Rhenum

280 1857 426 1895 editam
468 1854 730 1896 barbarorum
752 1858 999 1911 progeniem,
1036 1858 1093 1896 xel
1121 1864 1224 1896 certe
1259 1872 1303 1896 ex
1335 1856 1547 1905 dediticiis,
1573 1857 1644 1911 qui

281 1911 329 1948 ad
369 1917 501 1949 nostra
540 1911 773 1950 desciscunt.
805 1912 854 1949 Et
891 1912 984 1950 llaec
1020 1912 1068 1949 ad
1105 1926 1232 1965 usque
1267 1911 1419 1949 exitum
1449 1911 1551 1950 vitae
1581 1926 1645 1950 me

280 1964 453 2017 spondeo
481 1980 561 2003 non
596 1965 714 2004 modo
744 1972 858 2019 grato
887 1965 1026 2012 (ιηίηιο,
1052 1979 1192 2004 verum
1216 1965 1362 2019 cupido
1382 1979 1543 2019 quoque
1568 1965 1645 2004 sac-

283 2025 435 2057 turum.
472 2022 530 2063 14.
563 2020 780 2058 Praefectos
811 2019 1006 2073 praetorio
1035 2019 1235 2073 aequitate
1265 2026 1303 2058 et
1336 2019 1488 2058 meritis
1528 2025 1643 2058 notos
1683 2026 1700 2060 ζ’

282 2079 349 2110 tua
370 2073 486 2111 nobis
510 2073 621 2111 dabit
644 2074 871 2121 clementia,
906 2073 1081 2112 residuos
1101 2073 1325 2112 ordinarios
1360 2073 1508 2113 iudices
1530 2072 1643 2112 mili-

282 2126 438 2179 tiaeque
461 2127 728 2167 moderatores
747 2127 1038 2181 promovendos
1074 2127 1238 2166 arbitrio
1270 2141 1360 2165 meo
1392 2126 1553 2166 concedi
1587 2134 1644 2167 est

280 2187 610 2228 consentaneum,
634 2181 855 2234 itidemque
878 2181 1097 2235 stipatores.
1123 2181 1306 2220 Stultum
1324 2187 1379 2219 est
1403 2181 1528 2229 enim,
1547 2195 1641 2220 cum

280 2240 372 2273 ante
396 2235 519 2274 caveri
549 2235 671 2287 possit
698 2250 746 2274 ne
782 2236 865 2281 fiat,
889 2250 955 2274 eos
983 2235 1031 2274 ad
1057 2234 1161 2273 latus
1187 2235 1440 2289 imperatoris
1463 2234 1639 2290 adscisci,

279 2302 454 2341 quorum
477 2303 605 2327 mores
623 2289 861 2342 ignorantur
882 2296 919 2328 et
943 2288 1179 2328 voluntates.

339 2342 396 2380 15.
424 2342 508 2381 Hoc
528 2357 619 2381 sane
639 2343 724 2382 sine
744 2343 823 2381 ulla
848 2343 1100 2381 dubitatione
1121 2342 1366 2381 firmaverim
1384 2357 1392 2381 :
1422 2342 1569 2382 tirones
1592 2342 1641 2380 ad

278 2395 481 2449 peregrina
520 2403 558 2435 et
587 2396 808 2450 longinqua
850 2397 954 2435 Galli
993 2397 1168 2443 mittere,
1205 2396 1398 2435 diuturna
1435 2395 1642 2450 perturba—

280 2449 384 2488 tione
411 2450 646 2503 casibusque
669 2452 796 2490 vexati
821 2450 1077 2504 gradssimis,
1102 2465 1171 2490 nec
1203 2456 1342 2504 sponte
1362 2464 1430 2489 sua
1451 2456 1642 2503 poterunt

276 2518 347 2542 nec
378 2504 515 2551 coacti,
545 2519 594 2543 ne
623 2512 860 2558 consumpta
884 2504 1043 2558 penitus
1067 2504 1291 2551 iuventute,
1324 2511 1361 2542 ut
1390 2503 1641 2557 adfliguntur

277 2557 486 2610 praeterita
523 2558 784 2605 recordantes,
827 2559 881 2597 ita
920 2558 1192 2612 desperatione
1225 2564 1388 2612 pereant
1421 2557 1641 2611 inpenden-

1698 683 1737 707 10

1689 1482 1730 1517 t]-

1686 1752 1729 1786 :50
