1715 2796
674 125 885 159 PRAEFA]
896 125 945 159 IO
1432 137 1492 158 xlx

185 210 232 251 L.
264 209 318 251 H.
354 209 511 265 Heyler
534 209 709 267 (Iuliani
737 209 999 266 imperatoris
1025 224 1129 266 quae
1165 208 1362 260 seruntur
1386 209 1492 265 epis-

123 282 245 330 telae,
267 281 529 338 Moguntiae,
565 281 711 337 1828).
737 283 855 323 novis
873 280 1168 323 collationibus
1186 295 1304 333 usus,
1329 287 1490 322 textum

123 368 244 410 saepe
272 352 565 395 correctiorem
592 352 785 409 praebuit
812 360 852 394 et
871 352 1040 409 egregio
1060 352 1367 394 commentario
1391 366 1490 394 eum

122 424 333 467 instruxit.
370 423 450 466 Sed
481 439 578 466 cum
610 424 740 466 libros
776 424 1086 481 manuscriptos
1123 439 1230 480 quos
1256 423 1490 465 contulerat

122 503 365 539 numeraret
386 495 528 552 potius
557 511 688 552 quam
716 496 971 548 aestimaret,
992 495 1191 537 lectiones
1218 510 1340 551 saepe
1357 494 1491 537 intro—

123 568 245 610 duxit
257 567 388 610 dubia
403 568 487 609 fide
500 567 640 609 fultas.
661 568 740 624 Ep.
764 568 819 614 34
837 568 934 624 (76)
953 583 972 609 e
992 567 1135 609 codice
1152 566 1188 618 Q
1207 566 1485 624 deprompsit.

183 641 235 682 R.
261 638 450 681 Hercher
469 639 513 680 in
533 638 890 697 Epistoloqraphis
922 638 1090 681 Graecis
1114 638 1322 696 (Parisiis,
1358 639 1490 695 1873)

123 711 277 754 Iuliani
304 710 518 768 epistulas,
543 711 761 752 codicibus
791 711 823 752 L
848 711 981 768 (apud
1008 725 1106 752 eum
1138 709 1206 766 A),
1241 709 1279 752 G
1305 709 1396 767 (L),
1427 710 1486 763 M,

122 783 314 826 Palatino
341 783 423 829 134
441 782 518 840 (F)
538 782 753 839 inspectis,
783 790 822 824 et
849 782 1070 824 collatione
1092 782 1364 824 Dijbneriana
1384 781 1491 823 Vos—

123 854 229 897 siani
263 853 361 912 (Vd)
394 870 512 905 usus,
554 854 778 896 recensuit.
816 854 911 911 Ipse
941 869 1016 895 suo
1058 854 1192 895 Marte
1226 854 1361 895 multa
1400 868 1490 895 cor-

123 927 230 969 rexit
255 934 296 968 et
321 941 388 982 ep.
420 941 476 982 90
501 925 599 984 (79)
621 925 810 982 syllogae
835 925 1012 967 addidit.

183 998 233 1039 F.
274 997 323 1040 C.
358 997 548 1039 Hertlein
579 998 790 1054 (Hermes,
829 997 947 1049 VIII,
987 997 1113 1053 1874,
1153 1013 1195 1053 p.
1234 998 1313 1054 167
1336 997 1416 1054 ss.)
1442 1012 1491 1038 ex

123 1069 338 1112 Marciano
369 1069 454 1111 366
475 1084 541 1125 ep.
579 1069 658 1111 136
685 1069 713 1110 b
738 1067 857 1126 (77),
889 1076 928 1110 et
950 1068 999 1110 C.
1023 1068 1225 1124 Henning
1245 1067 1384 1124 (ibid,
1411 1068 1486 1120 IX,

129 1141 258 1197 1875,
293 1156 335 1197 p.
369 1141 450 1196 257
480 1140 560 1196 ss.)
593 1155 642 1182 ex
670 1140 896 1182 Harleiano
923 1140 961 1181 H
990 1155 1056 1196 ep.
1090 1155 1143 1196 79
1171 1139 1272 1198 (78)
1300 1139 1490 1196 primum

125 1212 364 1255 ediderunt.

184 1283 374 1326 Hertlein
389 1283 433 1324 in
452 1283 710 1325 bibliotheca
726 1283 1019 1325 Teubneriana
1037 1283 1214 1341 (Iuliani
1228 1282 1491 1340 imperatoris

129 1371 234 1414 quae
259 1361 482 1413 supersunt
507 1355 611 1412 etc.)
646 1370 758 1396 anno
792 1355 901 1411 1876
929 1370 1078 1396 omnes
1105 1355 1306 1411 epistulas
1336 1354 1490 1396 Iuliani

125 1443 202 1469 suo
234 1435 425 1484 tempore
453 1434 573 1468 notas
605 1427 776 1483 collegit
809 1434 847 1468 et
882 1426 1016 1468 varias
1042 1427 1241 1468 lectiones
1274 1426 1490 1468 adnotavit

124 1498 336 1553 Vossiani,
374 1513 503 1555 quern
535 1506 728 1540 accurate
762 1506 1079 1554 recognoverat,
1127 1506 1252 1555 atque
1291 1498 1489 1540 codicum

124 1585 307 1627 quorum
320 1569 562 1612 collationes
577 1569 716 1611 Herch
723 1584 817 1611 erus
828 1569 864 1610 ei
879 1569 1117 1623 tradiderat,
1133 1570 1274 1626 itaque
1286 1576 1490 1626 apparatu

125 1641 271 1684 critico
297 1641 486 1698 pleniore
512 1641 629 1682 nisus
652 1648 813 1682 textum
842 1641 1059 1697 puriorem
1090 1640 1323 1694 constituit,
1361 1655 1489 1696 quem

124 1713 273 1769 etipse
303 1713 464 1769 argutis
484 1712 699 1754 interdum
721 1712 975 1754 coniecturis
996 1712 1248 1754 emendavit.
1273 1712 1355 1754 Sed
1388 1727 1489 1753 cum

125 1799 178 1826 ne
206 1784 448 1826 tentavisset
469 1784 644 1841 quidem
676 1784 805 1826 libros
842 1799 939 1826 suos
959 1783 1003 1825 in
1035 1784 1186 1825 classes
1219 1783 1484 1835 distribuere,

124 1856 512 1897 recentissimorum
545 1870 704 1897 errores
755 1855 1101 1912 apographorum
1141 1855 1256 1897 iuxta
1295 1855 1488 1912 ipsorum

124 1926 454 1984 archetyporum
480 1942 595 1968 veras
624 1927 913 1983 genuinasque
934 1927 1133 1968 lectiones
1154 1927 1360 1968 inutiliter
1387 1941 1488 1968 con-

125 1998 252 2055 gessit
266 2005 308 2040 et
317 1998 572 2039 deteriorum
587 1998 744 2040 horum
759 1998 955 2040 codicum
968 1998 1210 2039 testimonio
1223 1998 1352 2040 fretus
1367 2013 1487 2054 saepe

125 2070 326 2126 deceptus
346 2078 421 2111 est.

184 2141 309 2182 Anno
337 2141 511 2182 demum
543 2141 670 2193 1885,
700 2142 744 2182 in
772 2141 1066 2198 supplemento
1088 2141 1193 2182 tomi
1218 2141 1316 2182 XVI
1344 2142 1487 2182 Anna-

125 2213 232 2254 lium
294 2212 751 2269 Constantinopolitani
814 2212 963 2254 Graeci
1023 2211 1273 2269 philologici
1333 2212 1486 2268 syllogi

125 2300 168 2341 p.
197 2299 249 2325 22
273 2299 347 2337 ss.,
368 2284 419 2325 A.
443 2283 992 2340 Papadopulos-Kerameus
1013 2299 1062 2325 ex
1088 2283 1305 2325 codicibus
1326 2283 1486 2324 insulae

127 2355 304 2396 Chalces
329 2355 407 2396 ΧΥ
425 2355 624 2412 epistulas
637 2355 693 2397 8ο
714 2354 757 2413 (1
773 2354 827 2411 *),
853 2356 908 2396 86
935 2355 979 2411 (2
996 2354 1055 2412 ²¹²),
1074 2356 1129 2397 30
1150 2355 1195 2411 (3
1207 2353 1261 2410 ³⁵),
1298 2369 1346 2396 12
1369 2353 1481 2411 (4⁵³),

131 2441 182 2481 19
211 2424 314 2484 (5*)
347 2433 386 2467 et
418 2426 472 2482 87
512 2426 559 2480 (6
573 2425 611 2482 ss)
645 2434 783 2467 erutas
810 2425 971 2482 publici
991 2425 1095 2466 iuris
1128 2425 1238 2466 fecit.
1276 2425 1357 2467 Eas
1390 2440 1485 2481 pos-

125 2505 190 2538 tea
218 2497 384 2553 repetiit
409 2495 581 2555 (Rhein.
613 2499 822 2543 Musezzm,
852 2497 985 2550 XLII,
1016 2497 1143 2552 1887,
1173 2513 1215 2553 p.
1255 2499 1302 2538 15
1326 2496 1420 2553 ss).
