1715 2796
0 1693 59 1717 nes

666 97 932 133 PRAEFATIO
1399 115 1473 135 xvu

177 179 240 221 De
250 180 473 222 traditione
484 182 686 238 epistulae
697 183 861 238 spuriae
874 183 984 224 Galli
997 183 1185 225 Caesaris
1194 184 1246 225 ad
1258 184 1473 228 Iulianum

115 252 284 294 fratrem
311 254 364 294 cs.
394 268 437 310 p.
471 256 571 310 287,
604 256 628 296 3
657 270 712 295 ss.

174 322 334 366 Omnes
361 325 524 366 codices
563 325 643 381 ipsi
681 327 954 380 contulimus,
1000 335 1162 382 praeter
1195 329 1473 384 paucissimos

113 395 354 448 deteriores,
375 411 481 453 quos
501 412 577 453 pro
595 397 717 438 nobis
735 406 1008 439 excusserunt
1024 398 1102 439 viri
1123 399 1320 455 antiquae
1340 401 1471 457 scrip—

113 473 229 508 turae
246 467 385 524 periti‚
415 476 454 509 et
481 483 602 525 saepe
627 469 1008 525 praestantissimos
1036 471 1228 512 secundis
1248 471 1313 512 vel
1341 472 1470 514 tertiis

112 539 224 580 curis
253 539 537 596 inspiciendos
567 541 630 582 vel
657 541 842 597 imagine
867 541 1144 598 phototypica
1172 543 1468 599 exprimendos

111 612 366 664 curavimus,
398 612 454 653 ita
476 620 522 653 ut
541 612 592 654 de
613 612 862 654 lectionibus
884 613 1095 655 variorum
1124 614 1467 671 apographorum

109 696 236 723 omne
262 682 442 724 dubium
466 684 692 725 tolleretur.

169 754 270 795 Tres
316 762 456 796 tamen
501 755 629 796 libros
674 756 985 797 recentissimos
1026 756 1070 797 in
1116 757 1271 812 quihus
1314 758 1465 800 Iuliani

107 825 309 881 epistulae
328 834 490 868 exstant
515 827 719 884 inspicere
745 828 866 869 nobis
886 843 971 869 non
998 828 1191 884 contigit,
1217 844 1370 886 nempe
1399 845 1466 871 co-

106 896 245 938 dicem
268 897 766 954 Constantinopolitanum
784 900 1028 940 monasterii
1052 900 1093 941 S.
1119 900 1341 956 Sepulchri
1359 902 1460 955 556,

107 968 289 1011 chartac.
322 984 428 1011 saec.
454 969 596 1023 XVII,
622 969 652 1011 f.
685 985 740 1025 90
766 986 819 1012 ss.
852 970 995 1028 (cuius
1029 971 1223 1013 notitiam
1251 972 1463 1014 Richardo

106 1039 275 1082 Forster
300 1041 523 1098 debemus)
555 1049 593 1082 et
623 1041 787 1083 codices
815 1043 1216 1099 Hierosolymitanos
1252 1043 1458 1085 Biblioth.

103 1111 335 1153 Patriarch.
389 1113 472 1154 306
518 1121 558 1154 et
602 1113 703 1169 373,
754 1114 937 1155 chartac.
987 1130 1093 1155 saec.
1145 1115 1304 1168 XVIII,
1356 1130 1462 1171 quos

103 1183 334 1240 exploravit
384 1184 934 1240 Papadopulos-Kerameus
986 1185 1062 1243 (cf.
1125 1185 1458 1242 Ἱερεσελυμιτεκὴ

103 1256 352 1310 Βιόλιεθήκη,
384 1256 418 1310 Ι,
448 1272 490 1313 p.
517 1257 601 1298 366
630 1272 663 1297 s.
690 1265 729 1298 et
756 1258 878 1313 394).

159 1326 355 1384 Denique
380 1327 464 1368 duo
486 1327 649 1369 codices
676 1343 724 1369 ex
744 1328 897 1369 Aldina
916 1328 1099 1370 editione
1125 1329 1322 1385 descripti
1343 1338 1454 1383 sunt,

100 1398 189 1440 scil.
212 1390 472 1440 Atheniensis
504 1413 631 1449 1121,
662 1414 767 1440 saec.
800 1400 957 1454 XVIII,
988 1401 1016 1441 f.
1054 1401 1139 1447 340
1172 1416 1247 1453 ss„
1278 1409 1317 1442 et
1346 1403 1457 1443 Osco-

100 1470 250 1512 niensis
270 1470 508 1512 Grabianus
535 1472 600 1523 15,
623 1486 729 1512 saec.
755 1471 913 1525 XVIII,
944 1472 986 1512 ff.
1022 1487 1072 1527 72
1094 1487 1147 1513 ss.

159 1679 388 1721 Codicibus
409 1679 711 1736 manuscriptis
731 1679 962 1732 recensitis,
978 1680 1028 1721 de
1046 1681 1283 1736 praecipuis
1305 1681 1453 1723 editio-

97 1751 223 1792 nibus
241 1751 423 1792 breviter
442 1751 565 1792 nobis
585 1751 798 1807 agendum
826 1758 901 1792 est.

155 1822 357 1879 Princeps
391 1823 470 1864 suit
506 1822 658 1864 Aldina
691 1822 1145 1880 Epistolographorum
1191 1824 1450 1866 Graecorum

95 1909 202 1951 quae
219 1909 319 1936 cura
334 1894 462 1936 Marci
484 1894 648 1935 Musuri
663 1895 849 1935 Venetiis
870 1910 907 1935 a.
933 1896 1043 1950 1499
1059 1895 1232 1951 prodiit.
1250 1895 1450 1937 Musurus

94 1965 288 2007 adhibuit
329 1965 569 2007 Parisinum
606 1966 656 2019 C,
705 1966 895 2007 codicem
928 1967 1156 2023 quemdam
1198 1967 1447 2008 deteriorem

92 2037 273 2079 familiae
316 2037 392 2079 ΝΟ
425 2046 465 2078 et
494 2037 787 2094 apographum
819 2037 946 2079 hodie
982 2037 1249 2094 deperditum
1291 2038 1447 2080 codicis

91 2108 303 2162 Vossiani‚
337 2124 386 2150 ex
417 2109 572 2166 quibus
609 2109 888 2165 quadraginta
933 2116 1027 2150 octo
1065 2109 1263 2165 epistulas
1299 2110 1445 2151 ordine

92 2179 209 2222 nullo
230 2187 390 2222 servato
410 2180 633 2236 congessit.
665 2180 794 2221 Pretii
826 2180 1002 2221 alicuius
1033 2188 1093 2221 est
1118 2180 1245 2222 hodie
1277 2196 1444 2238 quoque

90 2250 243 2293 Aldina
262 2251 335 2292 ubi
361 2251 656 2307 apographum
684 2251 892 2305 Vossiani‚
917 2251 960 2292 in
981 2266 1064 2308 quo
1091 2252 1215 2293 verba
1235 2252 1441 2308 quaedam

89 2329 233 2377 postea
268 2330 542 2374 evanuerunt,
583 2323 785 2379 sequitur.
831 2323 1032 2364 Musurus
1073 2323 1212 2380 aliqua
1251 2323 1442 2365 felicibus

90 2393 342 2435 coniecturis
369 2393 542 2447 sanavit,
572 2393 693 2450 plura
713 2394 757 2434 in
777 2393 897 2450 peius
917 2394 1109 2435 mutavit.

148 2464 198 2505 In
221 2464 403 2506 editione
417 2480 489 2505 sua
504 2464 656 2506 Iuliani
670 2464 877 2521 (Parisiis,
902 2465 1033 2521 1566)
1054 2465 1201 2506 Petrus
1217 2465 1440 2507 Martinius

88 2535 287 2577 Aldinam
322 2536 500 2592 repetiit,
548 2536 629 2577 nisi
673 2536 789 2592 quod
824 2536 1050 2592 epistulam
1090 2538 1161 2588 Oo,
1203 2551 1226 2578 a
1273 2536 1438 2578 Socrate
