1715 2796
588 505 1017 557 PRAEFATIO

175 835 289 877 Cum
319 842 415 877 ante
449 835 528 877 bos
555 843 755 892 quattuor
780 844 820 877 et
851 836 1001 892 viginti
1037 852 1170 879 annos
1197 837 1248 879 de
1269 837 1486 879 codicibus

113 907 459 965 editionibusque
494 907 649 948 Iuliani
692 907 735 948 in
771 908 888 950 Actis
923 909 1174 950 Academiae
1205 909 1486 951 Bruxellensis

111 979 247 1021 fusius
288 978 541 1035 egerimus¹,
583 978 654 1020 hic
693 994 909 1022 summam
948 980 1102 1022 harum
1137 980 1487 1038 disquisitionum

112 1051 295 1093 breviter
312 1051 540 1108 complecti
557 1051 680 1092 nobis
696 1052 890 1106 sufficiet,
920 1053 1066 1109 paucis
1094 1053 1264 1095 adiectis
1292 1053 1342 1094 de
1368 1053 1486 1095 libris

113 1123 372 1180 quibusdam
414 1123 715 1180 manuscriptis
754 1124 828 1181 qui
874 1132 971 1180 post
1002 1140 1163 1166 annum
1212 1125 1322 1180 1898
1363 1125 1486 1167 inno-

112 1203 298 1237 tuerunt.
438 1184 439 1187 Ἴ

171 1266 305 1308 Paulo
330 1275 427 1324 post
463 1275 645 1309 mortem
685 1267 856 1322 Iuliani,
888 1276 1060 1310 curante
1085 1269 1257 1311 fortasse
1287 1269 1481 1323 Libanio,

111 1339 305 1381 collectio
332 1331 439 1381 facta
472 1346 534 1380 est
560 1339 839 1396 epistularum
866 1356 970 1397 quas
998 1341 1223 1382 familiares
1243 1356 1291 1382 ac
1319 1340 1485 1398 sophis·

112 1419 175 1452 tae
205 1426 228 1452 a
258 1410 451 1467 principe
477 1419 739 1468 acceperant,
783 1427 882 1453 cum
917 1413 1129 1469 responsis
1164 1411 1353 1466 eorum2‚
1379 1428 1483 1470 quo-

112 1497 209 1523 rum
229 1482 436 1524 nonnulla
467 1482 591 1524 nobis
618 1482 768 1524 tradita
806 1491 903 1524 sunt
928 1483 996 1541 (n0
1023 1485 1078 1527 36
1100 1492 1139 1526 et
1161 1485 1214 1539 96
1244 1500 1297 1537 s.‚
1330 1501 1370 1540 p.
1403 1486 1479 1527 152

110 1561 151 1596 et
177 1554 256 1602 154
288 1554 362 1609 s.).
399 1554 540 1596 Altera
566 1554 729 1611 sylloge
759 1555 1036 1597 Alexandriae
1075 1556 1280 1598 exstitisse
1318 1556 1484 1598 videtur

111 1625 349 1667 edictorum
367 1625 430 1668 vel
451 1626 729 1683 epistularum
748 1626 1013 1683 imperatoris
1027 1628 1251 1684 praecipue
1266 1627 1317 1669 ad
1337 1628 1483 1669 Chris-

111 1697 246 1739 tianos
271 1697 591 1754 pertinentium,
634 1714 716 1755 qua
750 1699 921 1740 ineunte
960 1700 1126 1741 saeculo
1166 1700 1315 1756 quinto
1359 1699 1482 1741 Sozoa

111 1784 262 1811 menus
282 1769 335 1811 ad
354 1769 576 1810 historiam
591 1785 711 1811 suam
727 1770 1076 1812 conscribendam
1097 1787 1200 1812 usus
1212 1779 1286 1812 est.
1310 1771 1481 1813 Utram-

110 1856 209 1897 que,
233 1840 387 1882 additis
407 1840 499 1882 aliis
520 1841 709 1897 epistulis
738 1857 835 1883 cum
855 1842 1050 1898 genuinis
1072 1851 1164 1884 tum
1197 1843 1367 1899 spuriis,
1397 1858 1481 1884 una

110 1927 210 1953 cum
242 1912 504 1954 orationibus
538 1912 669 1954 edidit
695 1913 924 1970 bibliopola
956 1915 1131 1971 quidam
1159 1922 1254 1956 ante
1288 1915 1478 1956 medium

111 1984 328 2025 saeculum
348 1984 564 2042 quintum,
590 2000 675 2041 quo
696 2000 822 2042 opera
844 1986 997 2027 Iuliani
1017 1986 1160 2028 omnia
1187 1994 1288 2028 teste
1308 1986 1478 2028 Zosimo

109 2055 172 2112 (p.
199 2056 240 2109 3,
274 2071 323 2098 21
347 2056 426 2113 ss.)
446 2056 756 2103 lectitabantur.
782 2057 937 2099 Utrum
965 2073 1013 2099 ex
1040 2058 1119 2099 hac
1137 2058 1320 2099 editione
1346 2073 1399 2099 an
1430 2074 1479 2099 ex

110 2127 349 2169 minoribus
371 2128 545 2185 syllogis
567 2128 732 2170 codices
750 2129 883 2170 nostri
912 2130 1111 2170 fluxerint
1138 2130 1364 2171 incertum.
1398 2129 1478 2171 Sea

111 2199 332 2241 manifesto
346 2199 507 2241 librarii
523 2200 745 2256 Byzantini
759 2201 959 2257 pristinas
973 2202 1099 2242 series
1120 2201 1273 2242 Iuliani
1294 2216 1477 2258 opuscu·-

162 2354 192 2375 1.
220 2341 254 2375 J.
274 2342 379 2376 Bidez
395 2347 430 2376 et
455 2342 494 2376 F.
527 2342 697 2385 Cumont,
720 2345 923 2378 Becher-ebes
953 2357 1010 2378 sur
1046 2346 1076 2378 la
1108 2345 1264 2377 tradition
1285 2346 1478 2378 manascrite

109 2396 166 2429 des
194 2396 326 2429 Leures
358 2398 397 2429 de
421 2397 615 2441 l'empereur·
639 2398 750 2431 Julien
777 2398 983 2442 (Me'moires
1008 2398 1145 2443 publie's
1169 2410 1232 2444 par
1259 2398 1478 2432 l'Academie

109 2449 227 2494 roy-ale
246 2450 290 2482 de
306 2449 490 2496 Belgique,
514 2456 538 2484 t.
564 2450 688 2495 LVII),
715 2451 818 2497 1898.

161 2513 192 2535 2.
223 2502 280 2537 Cf.
304 2503 503 2537 testimonia
526 2504 664 2537 Libanii
682 2510 717 2538 et
733 2505 898 2550 Eunapii,
921 2518 955 2551 p.
985 2518 995 2538 1
1022 2518 1065 2538 ss,
