1747 2796
244 309 259 342 1

295 90 355 111 xiv
843 74 1112 110 PRAEFATIO

296 161 403 202 inter
422 159 621 217 epistulas
645 158 810 200 Libanii
825 158 929 199 duas
946 158 1074 199 habet
1094 158 1262 212 Iuliani,
1287 158 1376 200 scil.
1401 159 1479 215 187
1503 167 1542 201 et
1561 167 1656 216 post

296 232 376 274 alia
396 232 437 274 8.
469 231 590 272 Prior
615 230 667 271 ad
695 229 898 271 familiam
924 229 1086 281 JKFQ,
1115 229 1241 270 altera
1267 229 1320 270 ad
1348 230 1424 271 XY
1457 231 1650 286 pertinet.

357 302 499 344 Codex
520 301 824 343 Laurentianus
845 300 976 351 LVII,
999 300 1070 351 34,
1092 299 1273 342 chartac.
1305 316 1411 342 saec.
1437 301 1651 359 XVJXVI,

295 382 390 431 post
408 373 606 429 epistulas
625 371 789 413 Libanii
810 373 873 427 (ff.
902 371 1116 427 240-250)
1136 372 1225 412 sine
1245 371 1461 414 intervallo
1487 373 1655 429 praebet

298 445 449 487 Iuliani
469 460 535 501 ep.
567 445 645 486 185
664 451 704 485 et
725 443 794 499 78.
822 442 932 484 Cum
955 442 1145 484 Parisino
1168 441 1199 483 E
1221 458 1342 499 saepe
1362 444 1582 485 consentit.

359 586 559 628 Libanius
593 585 770 626 orationi
806 600 902 626 suae
948 599 1023 640 pro
1065 584 1345 641 Aristophane
1388 585 1509 643 (XIV
1544 586 1657 641 apud

300 658 486 714 Forster)
513 657 734 714 epistulam
764 655 916 697 Iuliani
938 655 1215 696 laudatoriam
1251 656 1443 698 adiunxit
1475 655 1543 714 (n0
1562 672 1615 713 97
1643 672 1652 708 3

298 731 352 772 cf.
377 746 418 786 p.
456 730 552 781 155,
578 729 602 770 8
622 744 696 779 ss„
721 735 760 769 et
782 726 1051 774 Reclzerclzes,
1082 742 1123 783 p.
1155 742 1169 768 1
1186 742 1199 768 1
1223 726 1304 784 ss.)
1330 743 1427 768 cum
1455 743 1503 770 ea
1527 743 1656 784 quam

300 800 543 858 imperatori
564 799 717 856 gratias
733 814 859 855 agens
877 798 1100 854 rescripsit.
1125 799 1356 855 Antiquam
1377 799 1494 840 illam
1514 800 1653 856 dispo-

301 873 494 914 sitionem
516 878 783 912 servaverunt
808 869 1003 911 nonnulli
1023 869 1190 911 codices
1217 870 1398 921 Libanii,
1422 871 1497 911 ubi
1520 886 1658 912 revera

300 944 378 985 hae
400 951 570 984 mutuae
596 942 796 998 epistulae
817 941 1051 983 orationem
1078 940 1254 982 rhetoris
1275 956 1352 998 pro
1380 941 1659 998 Aristophane

302 1023 562 1071 sequuntur:

363 1086 503 1128 Codex
524 1084 782 1126 Barberinas
809 1083 883 1125 Gr.
910 1098 995 1124 220
1016 1083 1092 1139 (ΙΙ,
1119 1082 1198 1141 ζμ)
1220 1083 1402 1125 chartac.
1429 1099 1536 1125 saec.
1562 1085 1656 1136 XV,

304 1160 331 1199 f.
358 1159 437 1213 893
475 1157 526 1198 cf.
553 1155 734 1206 Forster,
766 1154 933 1196 Libana·
956 1169 1042 1211 op„
1075 1155 1108 1207 I,
1138 1170 1181 1210 p.
1208 1155 1278 1196 28.

365 1228 506 1270 Codex
540 1227 760 1268 Vaticanus
781 1227 882 1281 941,
914 1226 1093 1267 chartac.
1117 1241 1223 1267 saec.
1250 1225 1464 1283 XIVJXV,
1488 1227 1516 1267 f.
1548 1226 1626 1272 143
1649 1241 1656 1279 ;

305 1301 357 1342 cf.
391 1300 573 1351 Forster,
597 1296 715 1345 ibid„
745 1298 778 1351 I,
810 1314 851 1354 p.
886 1298 968 1339 228
988 1313 1021 1338 s.

367 1371 509 1413 Codex
552 1369 858 1411 Laurentianus
898 1368 1029 1417 LVII,
1074 1383 1144 1419 20,
1187 1368 1369 1410 chartac.
1419 1384 1526 1410 saec.
1564 1369 1657 1422 XV,

306 1445 335 1484 f.
368 1444 420 1499 67
441 1458 473 1483 s.
500 1456 508 1495 3
541 1441 593 1483 cf.
625 1441 806 1493 Foister,
833 1439 952 1487 ibid„
983 1440 1016 1492 l,
1042 1455 1083 1496 p.
1110 1440 1179 1486 lio.

367 1514 510 1556 Codex
536 1511 697 1554 Atheus
724 1512 882 1553 Laurae
916 1512 958 1553 S.
995 1510 1211 1552 Athanasii
1240 1513 1294 1564 Ω,
1331 1512 1428 1563 123,
1475 1511 1657 1553 chartac.

309 1601 415 1627 saec.
441 1584 559 1636 XIII,
591 1585 618 1624 f.
651 1586 722 1635 62,
741 1598 840 1625 cum
866 1583 1146 1624 Laurentiano
1174 1585 1213 1624 A
1243 1600 1262 1623 «
1284 1591 1372 1624 arto
1396 1584 1662 1639 cognationis

309 1657 478 1698 vinculo
505 1670 687 1696 conexus
717 1672 737 1694 »
762 1669 770 1707 ;
795 1655 846 1695 cf.
879 1654 1060 1705 Forster‚
1087 1652 1204 1700 ibid„
1228 1654 1261 1706 I,
1285 1669 1326 1710 p.
1350 1655 1404 1709 39
1433 1662 1473 1695 et
1495 1655 1579 1696 323
1602 1670 1656 1696 ss.

370 1727 512 1769 Codex
533 1725 831 1782 Neapolitanas
852 1727 930 1773 154
953 1724 1033 1782 (ΙΙ,
1053 1724 1102 1776 Ε,
1128 1725 1197 1781 19)
1223 1725 1405 1766 chartac.
1432 1740 1539 1767 saec.
1565 1726 1658 1779 XV,

309 1799 336 1840 f.
362 1800 414 1853 [17
432 1814 484 1851 s.,
508 1812 592 1853 quo
608 1812 744 1838 carere
762 1797 978 1852 potuimus
996 1811 1004 1848 3
1023 1796 1074 1839 cf.
1094 1795 1277 1849 Forster,
1303 1794 1421 1844 ibid,
1440 1796 1473 1849 I,
1492 1812 1535 1852 p.
1557 1797 1657 1838 332.

370 1869 552 1910 Eaedem
587 1868 787 1924 epistulae
823 1867 1014 1909 mutuae¹
1051 1874 1091 1908 et
1125 1866 1227 1908 aliae
1265 1867 1470 1923 quaedam
1510 1867 1662 1909 Iuliani

310 1940 576 1997 reperiuntur
599 1939 818 1995 aliquoties
840 1939 948 1979 inter
973 1937 1170 1994 epistulas
1192 1937 1369 1979 Libanii.
1402 1938 1528 1990 Quod
1554 1939 1600 1980 sit
1618 1939 1663 1980 in

311 2011 526 2053 codicibus
547 2010 817 2066 sequentibus
835 2025 842 2050 :

372 2082 515 2124 Codex
535 2080 882 2122 AmbrosianasC
903 2081 927 2122 6
955 2096 1047 2136 sup.
1065 2080 1142 2136 (z
1157 2086 1202 2121 n⁰
1219 2079 1298 2121 166
1317 2079 1660 2137 Martini-Bassi),

313 2153 496 2195 chartac.
527 2167 633 2194 saec.
667 2152 781 2204 XVI,
813 2152 937 2193 habet
964 2153 990 2192 s.
1016 2153 1070 2207 93
1089 2150 1312 2207 epistulam
1339 2165 1394 2207 97
1415 2151 1665 2212 (integram)

315 2240 413 2266 cum
450 2237 649 2280 responso
677 2223 856 2275 Libanii,
887 2230 926 2264 et
950 2230 1046 2278 post
1069 2222 1184 2274 alias,
1218 2237 1324 2277 quae
1357 2221 1519 2263 Libanii
1547 2231 1660 2275 sunt,

315 2297 343 2337 f.
376 2310 430 2351 99
452 2311 518 2351 ep.
556 2295 635 2341 184
657 2294 866 2335 mutilam.

368 2470 396 2491 1.
426 2457 480 2490 De
505 2457 621 2491 codice
644 2458 862 2491 Laurentiano
885 2456 1079 2497 LXXXVI,
1102 2455 1137 2496 8,
1164 2456 1313 2490 chartac.
1342 2467 1429 2488 saec.
1458 2454 1536 2498 XV,
1559 2468 1664 2501 quem

316 2512 500 2557 neglegere
516 2511 709 2557 potuimuS,
730 2511 775 2544 cf.
798 2512 1011 2547 Recherches,
1031 2522 1065 2555 p.
1087 2508 1146 2552 83,
1165 2508 1245 2542 adn.
1274 2520 1302 2542 1.
