1715 2796
53 430 74 463 0¹

27 920 68 943 10

20 1647 62 1672 20

560 57 618 91 ET
646 58 795 95 LEGES
823 83 866 87 —
900 65 1053 102 115-118
1430 78 1487 112 181

119 134 190 183 las,
223 137 520 192 quinquagenis
552 141 667 181 iussis
700 143 740 182 in
766 149 962 199 praesenti
986 164 1080 199 esse,
1106 152 1217 194 iuxta
1247 171 1403 198 morem
1426 161 1493 201 de-

117 206 207 247 bere
230 211 474 264 praes(t)ari‚
499 214 650 262 ceteris,
670 216 742 269 qui
766 217 871 259 ultra
891 234 1110 263 numerum
1132 225 1174 265 in
1195 232 1391 281 praesenti
1412 246 1491 273 esse

117 279 332 329 voluerint,
360 297 490 338 neque
520 288 761 327 annonarias
797 305 928 345 neque
966 295 1144 349 capitum
1180 313 1261 340 esse
1293 304 1491 344 mandan-

115 351 231 401 dum,
253 354 320 393 sed
341 369 480 396 omnes
500 358 694 412 cogendos
715 361 763 400 ad
782 362 980 416 plurimos
996 381 1087 408 suos
1106 385 1148 409 ac
1167 374 1326 427 ter(r)as
1343 376 1486 418 redire.

114 423 215 463 Du.
272 442 319 464 xv
364 422 448 467 nri.
497 430 610 469 SEPT.
657 433 904 474 Axriocrnffl
949 439 1187 481 Mam-:armo
1222 460 1269 484 Er
1313 447 1487 490 Nsswrrt

112 511 241 536 com-ss

169 569 228 610 Cf.
254 571 420 619 Iulian,
444 575 597 628 Misup„
626 577 703 630 370
725 579 769 616 Β.

764 761 838 798 118

385 823 444 862 De
466 827 655 865 consortii
676 828 861 869 dilatoria
882 835 1203 889 praescriptione.

165 917 255 955 Cod.
299 919 499 968 Theodos.‚
537 922 586 967 ll,
624 924 661 969 Ξ),
695 940 713 963 2
739 925 808 979 [z
833 929 967 976 Brea,
995 931 1046 977 II,
1080 933 1119 979 5,
1153 949 1162 973 l
1201 942 1237 974 et
1258 937 1312 989 (v.
1345 939 1484 992 13-18)

108 987 202 1027 Cod.
220 990 372 1036 lustin„
401 992 474 1040 III,
493 997 559 1041 40,
589 1010 629 1045 1;
654 997 702 1036 cs.
721 999 896 1044 Basilio..
915 1002 1005 1043 XII.
1030 1005 1270 1060 3‚12](362
1291 1009 1398 1064 Sept.
1418 1012 1478 1065 3):

163 1060 248 1101 Iup.
277 1062 460 1105 qumvs
490 1067 538 1105 A.
575 1067 756 1109 SECUNDO
789 1073 1052 1130 P(RAEFECTO)
1082 1079 1347 1134 P(n.fflrom)o.
1391 1084 1482 1123 Post

105 1132 208 1172 alia:
233 1133 412 1190 Explosis
444 1144 564 1193 atque
597 1141 751 1181 reiectis
792 1147 1180 1201 praescriptionibus,
1219 1168 1318 1207 quas
1353 1154 1482 1211 litiga-

104 1210 208 1246 tores
231 1207 305 1246 sub
327 1208 496 1250 obtentu
535 1215 782 1255 consortium
815 1218 948 1258 studio
972 1222 1262 1274 protrahendae
1291 1226 1482 1282 discepta-

103 1278 224 1318 tionis
259 1281 478 1336 excogitare
517 1296 827 1335 consueverunt,
863 1290 943 1331 sive
973 1293 1095 1334 unius
1116 1296 1189 1335 fori
1220 1312 1359 1339 omnes
1380 1299 1475 1347 sint,

102 1351 182 1391 sive
202 1351 244 1391 in
265 1352 430 1393 diversis
460 1357 674 1409 provinciis
698 1369 924 1411 versentur,
952 1380 1022 1405 nec
1046 1367 1233 1408 adiuncta
1258 1374 1481 1425 praesentia

102 1424 292 1464 consortis
311 1416 642 1469 vel'consortium
667 1434 809 1486 agendi
847 1436 905 1475 vel
934 1439 1200 1492 respondendi
1226 1443 1481 1498 iurgantibus

101 1494 262 1536 licentia
308 1513 380 1552 pro
418 1507 529 1554 parte
572 1503 787 1556 pandatur.
814 1511 827 1553 {j
851 1507 899 1546 Et
942 1517 1149 1564 amputata
1193 1515 1479 1557 constitutione

102 1567 358 1609 Constantini
389 1573 520 1626 patrui
555 1576 633 1614 mei
673 1591 777 1631 quae
813 1594 932 1633 super
951 1585 1201 1624 consortibus
1225 1589 1478 1643 promulgata

100 1646 171 1687 est,
194 1643 414 1698 antiquum
438 1646 515 1694 ius,
539 1657 740 1702 quantum
762 1654 935 1707 pertinet
961 1656 1009 1694 ad
1034 1656 1268 1698 huiusmodi
1287 1660 1478 1716 discepta-

100 1712 243 1763 tiones,
277 1730 371 1755 cum
407 1720 519 1758 omni
553 1721 745 1764 firmitate
778 1734 970 1774 servetur,
1011 1736 1054 1768 ut
1094 1730 1329 1786 interruptis
1353 1734 1475 1773 artifi-

98 1785 212 1826 ciosis
230 1787 445 1830 obstaculis
478 1793 752 1846 possidentum
783 1800 926 1838 astutia
964 1802 1268 1856 comprimatur.
1305 1806 1404 1845 DAT.
1431 1823 1473 1845 ιιι

99 1872 188 1897 sos,
215 1859 409 1901 SEPTEMB.
434 1864 721 1921 AN‘rloCHOAE)
742 1869 983 1911 ΜΑΜΕιιτιω
1010 1890 1054 1912 ET
1079 1875 1250 1916 Ymrru
1272 1893 1398 1917 conss.

152 1965 475 2009 INTERPRETAUO.
504 1971 682 2013 Remotis
714 1975 1017 2027 obiectionibus,
1045 1982 1192 2034 quibus
1216 1997 1254 2022 se
1275 1992 1473 2026 consortes

39 2016 52 2023 ’
96 2018 145 2058 ad
168 2022 495 2075 respondendum
535 2025 705 2067 invicem
742 2032 999 2080 excusabant,
1038 2041 1098 2082 ut,
1128 2038 1158 2075 si
1199 2052 1281 2076 non
1315 2039 1355 2077 in
1391 2055 1471 2078 una

95 2074 298 2126 provincia
319 2077 379 2116 vel
403 2078 478 2117 sub
501 2094 584 2119 uno
607 2081 737 2123 iudice
757 2099 896 2126 omnes
918 2095 1062 2137 essent,
1085 2089 1183 2129 dum
1205 2094 1471 2145 praesentiam

97 2141 212 2167 suam
235 2144 318 2169 non
343 2131 465 2171 simul
484 2148 565 2174 esse
584 2144 817 2187 causantur,
842 2147 1065 2195 repetentes
1097 2143 1335 2186 videbantur
1363 2147 1452 2187 inlu

96 2180 188 2222 dere
207 2199 214 2221 z
242 2184 350 2225 unde
372 2185 611 2228 dilationem
634 2190 738 2231 hanc
759 2202 1022 2243 removentes,
1045 2212 1169 2252 quarn
1190 2206 1358 2253 patruus
1377 2217 1472 2241 nos-

97 2240 156 2275 ter
179 2236 470 2280 Constantinus
493 2245 743 2285 consortibus
766 2247 809 2285 in
840 2249 912 2288 hac
945 2257 1053 2304 parte
1075 2254 1336 2306 praestiterat,
1360 2256 1470 2297 iube-

96 2303 187 2329 mus
204 2293 428 2333 secundum
462 2296 620 2352 antiqui
652 2300 749 2339 iuris
781 2302 981 2351 ordinem,
1016 2307 1264 2363 quicumque
1287 2310 1469 2363 pulsatus

95 2343 230 2393 tuerit,
252 2361 326 2400 pro
345 2362 415 2387 sua
440 2356 552 2403 parte
575 2353 634 2392 vel
667 2369 835 2408 persona
857 2359 1106 2412 respondeat,
1130 2375 1202 2401 nec
1221 2362 1374 2403 diutius
1395 2366 1468 2404 sub

93 2396 165 2437 hae
186 2401 388 2442 occasione
410 2410 654 2457 repetentem
678 2407 834 2449 differat
857 2410 922 2451 ille
943 2414 1013 2466 qui
1032 2415 1216 2468 possidet.

138 2538 161 2574 4
184 2540 375 2586 plurimos:
400 2556 441 2577 an
460 2546 638 2591 proximos
656 2549 669 2581 ἔ)
690 2564 706 2581 (ι
728 2557 878 2594 expectes
900 2552 986 2586 lares
1009 2568 1026 2586 »
1050 2557 1225 2591 Mommsen
