1715 2796
640 97 910 131 PRAEFATIO
1396 112 1463 132 xxi

94 182 253 232 habita,
300 183 415 224 nulla
460 183 700 239 argumenti
743 182 806 222 vel
835 181 1030 223 'nominis
1068 182 1275 239 inscripti,
1316 183 1371 224 ita
1413 191 1459 224 ut

93 255 236 296 omnia
257 255 379 311 quasi
400 262 554 296 temere
575 270 622 295 ac
641 254 812 295 fortuito
839 254 1160 295 collocarentur.

154 325 203 367 In
235 325 314 368 hac
343 326 554 382 farragine
580 325 749 368 traditio
781 325 954 381 antiqua
990 325 1046 367 ita
1075 325 1265 366 funditus
1300 325 1466 368 turbata

93 404 170 449 est,
199 405 248 438 ut
272 397 551 454 pristinarum
582 397 880 439 collectionum
912 412 1020 453 quae
1051 397 1216 438 saeculo
1248 396 1306 439 IV
1337 398 1401 439 vel
1427 397 1463 438 V

93 469 222 511 factae
244 477 358 520 sunt,
383 470 451 510 vix
471 485 518 511 ac
537 484 589 511 ne
608 469 675 510 vix
687 469 858 526 quidem
876 468 1048 525 vestigia
1061 469 1265 525 quaedam
1288 469 1464 524 agnosci

87 540 270 597 possint.
300 540 353 583 Ut
382 556 431 583 ex
458 541 746 597 recognitione
773 548 912 582 nostra
939 540 1090 593 elucet,
1124 541 1316 597 singulae
1342 541 1464 582 fami-

92 611 188 664 liae,
211 611 346 654 immo
362 613 656 670 unusquisque
690 627 820 668 paene
854 612 987 653 codex
1025 612 1178 653 seriem
1210 613 1379 668 praebet
1399 613 1463 653 di-

91 698 271 725 versam.
297 684 443 741 Itaque
474 684 586 726 hanc
606 685 826 726 confusam
847 683 1014 740 copiam
1041 683 1101 725 sic
1127 684 1462 726 distribuendam

91 756 336 797 censuimus
355 764 403 797 ut
422 756 611 812 primum
632 756 715 797 vita
737 755 889 796 Iuliani
911 755 1033 796 certis
1056 764 1298 812 temporum
1318 756 1462 797 termi-

91 827 158 868 nis
191 827 324 869 divisa
362 827 629 869 exhiberetur
662 828 705 883 («
752 827 966 884 Epistulae
1016 828 1196 884 scriptae
1233 835 1462 884 antequam

91 898 280 941 Iulianus
301 899 455 941 Caesar
475 901 606 941 factus
628 907 688 941 est
712 925 769 930 -—
791 914 891 941 cum
909 899 1079 955 degeret
1100 900 1142 940 in
1170 899 1317 941 Galliis
1336 925 1393 930 —
1417 900 1461 940 in

93 970 263 1027 Illyrico
287 988 306 1010 »
327 987 374 1013 ac
396 972 457 1013 sic
475 971 730 1028 deinceps)¹,
755 971 907 1013 deinde
940 971 1049 1013 intra
1075 971 1179 1013 haec
1201 972 1333 1028 spatia
1352 971 1461 1028 epis-

95 1043 203 1084 tulae
221 1042 284 1084 vel
306 1043 540 1099 fragmenta
559 1044 920 1099 coniungerentur
951 1051 1023 1084 aut
1044 1043 1096 1084 ad
1117 1043 1299 1085 eundem
1322 1043 1461 1084 homi-

91 1128 189 1155 nem
210 1114 336 1156 missa
366 1123 438 1156 aut
458 1115 642 1172 quadam
664 1115 904 1170 argumenti
938 1115 1139 1156 affinitate
1159 1130 1363 1156 connexa.
1390 1114 1461 1156 Sic

92 1200 310 1242 speramus
335 1186 422 1227 fore
447 1194 495 1227 ut
521 1202 569 1227 ex
589 1186 775 1242 reliquiis
802 1201 981 1242 operum
1010 1188 1232 1242 Apostatae
1258 1186 1342 1226 iam
1371 1201 1459 1227 me-

91 1256 173 1297 lius
193 1265 389 1314 appareat
414 1258 552 1315 qualia
579 1258 734 1299 fuerint
760 1258 979 1313 ingenium
1023 1258 1111 1298 eius
1146 1265 1186 1299 et
1223 1258 1398 1299 consilia
1420 1265 1459 1299 et

91 1328 317 1370 voluntatis
333 1337 429 1389 post
454 1344 634 1385 regnum
654 1329 856 1385 adeptum
886 1329 1153 1370 mutationes.

152 1461 295 1502 Restat
322 1468 370 1501 ut
405 1460 559 1516 gratias
593 1475 770 1516 agamus
801 1460 899 1501 viris
939 1460 1074 1501 doctis
1110 1461 1184 1517 qui
1213 1462 1258 1501 in
1285 1476 1459 1517 praepa-

91 1531 218 1573 randa
245 1531 325 1573 hac
351 1532 549 1584 editione,
574 1540 669 1573 ante
692 1531 768 1574 hos
797 1547 928 1573 annos
963 1532 1134 1587 triginta
1155 1533 1321 1588 incepta
1343 1547 1459 1574 nunc

93 1603 262 1644 tandem
296 1604 503 1657 absoluta,
547 1604 723 1645 comiter
755 1618 831 1645 nos
874 1604 1127 1645 adiuverunt
1169 1611 1209 1645 et
1243 1604 1459 1645 beneficiis

91 1674 178 1716 suis
227 1675 489 1731 plurifariam
542 1691 619 1716 nos
670 1675 962 1716 devinxerunt.
1023 1675 1224 1716 Sacerdos
1283 1676 1457 1717 scientia

89 1747 383 1788 ornatissimus
429 1747 613 1788 Achilles
666 1747 794 1800 Ratti,
847 1755 947 1788 tunc
994 1755 1135 1788 custos
1179 1747 1458 1789 bibliothecae

91 1818 408 1872 Ambrosianae,
448 1834 562 1860 nunc
602 1817 791 1875 pontisex
835 1819 1062 1870 maximus,
1102 1819 1204 1860 item
1248 1819 1458 1860 Iohannes

90 1889 278 1942 Mercati,
301 1891 534 1947 praefectus
560 1890 872 1931 eruditissimus
905 1890 1184 1931 bibliothecae
1212 1890 1453 1939 Vaticanae‚

90 1961 250 2017 aliquot
292 1961 456 2003 codices
500 1961 722 2018 hucusque
757 1962 921 2003 abditos
962 1962 1085 2003 nobis
1121 1962 1302 2018 benigne
1346 1963 1458 2003 indi-

91 2040 304 2073 caverunt.
348 2032 662 2089 Descriptiones
695 2033 759 2074 vel
794 2033 1038 2074 collationes
1073 2033 1457 2089 chirographorum

91 2103 213 2144 nobis
239 2103 446 2145 miserunt
472 2104 548 2144 viri
575 2104 811 2145 doctissimi
836 2105 888 2145 H.
930 2105 961 2145 l.
994 2104 1098 2156 Bell,
1129 2105 1179 2146 F.
1213 2105 1381 2152 Madau,
1417 2112 1457 2145 et

90 2182 186 2215 ante
199 2174 356 2216 bellum
372 2176 442 2216 Fr.
468 2175 577 2227 Boll,
600 2175 804 2232 Iosephus
826 2176 958 2231 Heeg,
984 2183 1022 2216 et
1041 2176 1246 2217 Ricardus
1270 2176 1452 2229 Forster,

90 2245 269 2301 diligens
288 2246 423 2288 editor
442 2246 624 2299 Libanii,
647 2247 721 2303 qui
742 2247 863 2288 nobis
881 2247 1079 2288 codicum
1106 2262 1281 2289 suorum
1306 2262 1456 2289 arcana

89 2317 295 2372 patefecit.
353 2317 554 2359 Praefecti
605 2318 882 2359 bibliothecae
934 2318 1232 2374 Lugdunensis
1276 2319 1454 2360 Batavae

89 2458 208 2480 revera
231 2447 407 2493 pertinere
434 2447 573 2480 videtur
607 2447 649 2480 ad
677 2452 832 2480 nostram
865 2460 918 2493 op.
943 2447 987 2493 89
1015 2453 1048 2481 ct
1072 2448 1172 2481 nobis
1193 2449 1246 2481 hic
1275 2448 1453 2481 edendum

90 2499 180 2543 fuit;
199 2500 244 2533 cf.
265 2513 300 2546 p.
327 2511 406 2546 127,
426 2512 447 2546 9
465 2513 513 2533 ss.

142 2565 173 2586 1.
201 2553 291 2587 Vide
306 2554 398 2587 infra
414 2567 450 2600 p.
473 2553 538 2588 321
561 2566 606 2587 ss.
625 2554 864 2600 capitulorum
884 2554 1053 2587 tabulam.
