1715 2796
9 605 46 628 10

17 1145 54 1185 ΙΟ-

546 78 603 111 ΕΤ
630 77 779 112 LEGES
808 101 848 103 —
878 79 986 124 (ὅς-68
1405 83 1444 116 81

83 164 229 201 σεσθαι
262 164 496 214 προσδοκᾶν
532 164 628 200 ἀντὶ
662 166 735 200 τοῦ
773 164 923 200 παθεῖν
953 165 1199 203 καθίστατο.
1232 165 1318 209 143.
1356 166 1447 203 Τῶν

82 220 223 255 τοίνυν
246 218 430 269 ἀγγάρων
452 219 632 268 ἡμιόνων
655 221 706 269 τῇ
729 231 777 254 τε
806 221 1005 269 συνεχείᾳ
1025 221 1106 255 τῶν
1140 222 1278 256 πόνων
1306 223 1373 256 καὶ
1392 224 1449 271 τῷ

82 273 186 318 τοὺς
220 273 315 322 ἄρτι
354 272 565 323 ῥηθέντας
603 273 684 316 τὰς
721 273 793 321 μὲν
826 271 1102 322 λιμοκτονεῖν,
1139 275 1287 319 αὑτοῖς
1318 274 1364 311 δὲ
1393 278 1450 325 τῷ

81 324 241 363 ’κείνων
275 325 376 376 λιμῷ
411 325 752 375 παρασκευάζειν
788 325 968 375 Σύὸαριν
1000 349 1053 355 —
1072 328 1209 364 ἐποίει
1241 329 1287 365 δὲ
1318 327 1448 365 πολὺν

83 382 156 416 τὸν
175 383 305 417 πόνον
333 382 400 416 καὶ
435 382 489 416 τὰ
522 383 649 429 νεῦρα
681 379 770 416 οῗον
807 378 1013 430 ἐξέτεμνε
1043 384 1091 417 τὸ
1121 385 1178 431 τῷ
1214 381 1449 433 βουλομένῳ

83 433 223 485 ῥᾴδιον
252 434 365 471 εἶναι
394 432 614 480 ζεύξαντα
641 433 796 484 ζεῦγος
822 434 1013 471 ἐλαύνειν
1044 438 1111 472 καὶ
1140 437 1295 473 ταύτὸν
1327 437 1449 473 δύνα-

84 488 180 526 σθαι
201 487 407 533 βασιλέως
430 502 479 525 τε
504 490 603 538 περὶ
625 491 762 524 ταῦτα
790 491 857 524 καὶ
883 489 1099 538 πευθῆνος
1128 492 1361 540 γράμματα’
1389 491 1450 527 διὸ

83 545 235 593 στῆναι
267 544 339 593 μὲν
364 543 437 579 οὐκ
461 542 512 592 ἦν
535 542 631 579 οὐδὲ
667 545 806 592 μικρὸν
833 543 929 579 οὐδὲ
959 542 1196 580 ἀπολαῦσαι
1219 547 1401 596 φάτνης,
1425 547 1448 595 ἡ

82 595 218 648 πληγὴ
256 597 302 634 δὲ
347 597 604 634 ἀσθενοῦσαν
640 598 714 632 οὐκ
751 597 897 648 ἀνίστη
939 600 1048 646 πρὸς
1084 598 1247 648 δρόμον,
1291 599 1379 636 ἔδει
1407 599 1452 636 δὲ

83 651 240 688 εἴκοσιν
262 652 285 701 ἢ
311 653 378 688 καὶ
399 650 603 687 πλειόνων
626 653 735 700 πρὸς
758 648 874 696 ἕλξιν
909 652 1141 702 ὀχήματος,
1167 654 1210 688 αἱ
1240 652 1390 689 πολλαὶ
1407 653 1452 690 δὲ

85 706 129 741 αἱ
162 706 234 755 μὲν
267 706 364 755 ἄρτι
394 704 583 741 λυθεῖσαι
604 708 837 741 πίπτουσαι
873 705 1090 756 ἔθνησκον,
1129 708 1172 742 αἱ
1206 707 1252 743 δὲ
1284 709 1364 744 ὑπὸ
1395 709 1452 758 τῷ

84 757 195 810 ζυγῷ
217 762 314 809 πρὶν
339 760 363 809 ἢ
389 759 563 810 λυθῆναι
594 783 644 785 -
672 758 761 809 κᾷτ’
783 758 989 796 ἐκωλύετο
1017 761 1087 809 μὲν
1111 761 1193 797 ἀπὸ
1218 764 1290 797 τοῦ
1313 765 1450 798 τοιού-

84 826 157 850 του
181 815 236 850 τὰ
255 813 434 863 δεόμενα
455 815 630 865 τάχους,
657 816 734 863 τὴν
755 812 909 864 βλάὸην
931 814 977 850 δὲ
995 813 1120 850 πάλιν
1142 815 1208 859 εἷς
1228 828 1305 866 χρη
1315 818 1450 865 μάτων

83 867 201 918 λόγον
236 869 280 904 αἱ
297 867 446 912 πόλεις
466 867 680 918 ἐδέχοντο.
712 868 796 910 ιζιίι.
825 867 910 904 Τοῦ
944 868 989 904 δὲ
1011 867 1163 913 ἀθλίως
1180 872 1317 905 ταῦτα
1337 869 1451 921 ἔχειν

84 920 259 973 ἔλεγχος
279 923 544 972 σαφέστερος
564 923 584 958 ὃ
619 923 788 972 χειμών,
818 925 918 958 τότε
947 922 993 973 δὴ
1033 922 1210 972 μάλιστα
1233 923 1453 960 διακοπτο-

87 977 218 1027 μένης
241 975 454 1027 πολλαχοῦ
475 978 556 1025 τῆς
588 978 669 1012 τῶν
704 977 831 1025 ὀρέων
865 976 1080 1027 διαδοχῆς,
1108 977 1205 1013 ὥστ’
1229 978 1454 1027 ὃρεωκόμοι

85 1032 319 1081 φεύγοντες
349 1029 394 1067 ἐν
416 1031 518 1079 ὀρῶν
541 1029 648 1079 ἦσαν
684 1034 902 1079 κορυφαῖς,
927 1032 1092 1081 ἡμίονοι
1118 1031 1163 1067 δὲ
1188 1034 1332 1082 χαμαί,
1360 1035 1453 1077 τοῖς

85 1083 119 1121 δ’
141 1083 434 1135 ἐπειγομένοις
452 1084 560 1135 πλὴν
599 1084 704 1133 βοῆς
736 1097 783 1119 τε
817 1087 884 1120 καὶ
916 1087 990 1120 τοῦ
1019 1082 1182 1134 πλῆξαι
1216 1088 1288 1122 τὸν
1325 1089 1451 1137 μηρὸν

85 1138 220 1177 οῧδέν.
240 1138 384 1188 Καιροὶ
397 1138 443 1175 δὲ
463 1140 537 1175 οὐκ
552 1137 695 1189 ὀλίγων
715 1141 966 1188 πραγμάτων
983 1136 1191 1189 ἐξέφυγον
1216 1142 1296 1184 τὰς
1318 1141 1453 1191 ἀρχὰς

85 1196 183 1238 ταῖς
217 1194 324 1229 κατὰ
354 1195 481 1229 τοῦτο
515 1192 755 1242 βραδυτῆσι·
799 1195 865 1228 καὶ
901 1192 954 1229 ἐῶ
978 1192 1112 1243 λέγειν
1136 1195 1299 1238 ἵππους
1331 1196 1454 1244 ὅμοια

84 1247 356 1292 πεπονθότας
382 1249 449 1283 καὶ
469 1247 593 1291 ὅνους
616 1245 753 1296 πολλῷ
786 1247 1015 1296 δεινότερα·
1044 1250 1169 1283 τοῦτο
1194 1248 1240 1284 δὲ
1275 1247 1325 1297 ῆν
1351 1251 1453 1292 τοὺς

85 1304 222 1338 ταῦτα
240 1300 589 1351 λειτουργοῦντας
604 1299 876 1338 ἀπολωλέναι.
908 1300 994 1344 145.
1019 1301 1187 1352 Ἵστησι
1207 1302 1254 1352 δὴ
1275 1304 1342 1338 καὶ
1355 1304 1453 1338 ταύ-

86 1368 163 1406 την
196 1354 426 1402 Ἰουλιανὸς
461 1357 538 1405 τὴν
579 1355 722 1405 μέθην,
756 1357 918 1405 στήσας
955 1355 1012 1400 ὣς
1046 1354 1210 1405 ἀληθῶς
1240 1358 1343 1400 τοὺς
1380 1357 1452 1392 οὐκ

87 1410 341 1459 ἀναγκαίους
363 1409 543 1458 δρόμους
568 1411 636 1445 καὶ
658 1410 738 1453 τὰς
765 1410 836 1458 μὲν
867 1412 1071 1454 τοιαύτας
1096 1412 1275 1460 χάριτας
1293 1409 1451 1446 ἐπικιν-

87 1463 238 1508 δύνους
258 1464 486 1513 ἀποφήνας
524 1465 590 1499 καὶ
622 1463 766 1499 δοῦναι
797 1466 864 1499 καὶ
892 1461 1047 1504 λαθεῖν,
1076 1461 1253 1508 διδάξας
1277 1464 1322 1500 δὲ
1351 1466 1453 1508 τοὺς

88 1518 349 1568 ἀρχομένους
370 1516 579 1567 ὑποζύγια
610 1519 713 1561 τοὺς
749 1518 820 1566 μὲν
861 1518 1049 1556 κτᾶσθαι,
1081 1520 1183 1562 τοὺς
1216 1518 1260 1553 δὲ
1291 1518 1453 1567 μισθοῦ-

87 1572 196 1610 σθαι.
213 1571 293 1608 Καὶ
304 1573 474 1622 πρᾶγμα
484 1571 789 1620 ἀπιστούμενον
803 1571 976 1620 ἑωρᾶτο,
991 1571 1455 1623 γυμνάζοντεςὴνίοχοι

90 1626 162 1676 μὲν
195 1627 411 1676 ἡμιόνους,
440 1626 667 1674 ἱπποκόμοι
709 1625 754 1661 δὲ
781 1628 956 1669 ἵππους·
985 1626 1122 1674 ὥσπερ
1152 1627 1225 1676 γὰρ
1249 1627 1452 1674 πρότερον

87 1679 351 1731 ἐπεπέδηντο
374 1683 473 1724 ταῖς
495 1679 811 1728 ταλαιπωρίαις,
845 1681 952 1715 οὕτω
975 1679 1071 1724 δέος
1097 1679 1147 1729 ῆν
1176 1683 1225 1730 μὴ
1260 1682 1327 1716 καὶ
1353 1682 1451 1716 τότε

87 1736 145 1784 τῷ
171 1735 292 1784 μήκει
311 1735 393 1783 τῆς
416 1734 577 1783 ἀργίας·
614 1735 733 1769 τουτὶ
765 1733 809 1769 δὲ
842 1736 945 1777 τοὺς
969 1734 1111 1778 οἴκους
1144 1736 1225 1769 τῶν
1257 1735 1450 1784 ὑπηκόων

87 1788 404 1837 εὐπορωτέρους
425 1788 613 1837 καθίστη.

141 1840 306 1894 Gregor.
339 1839 540 1881 Nazianz..
566 1839 671 1879 Orat.
700 1839 769 1881 IV,
807 1841 854 1892 75
887 1841 1109 1891 (δρόμος...
1141 1842 1329 1886 ἀνεκτῶς
1356 1842 1453 1878 διοι-

22 1891 26 1930 f
90 1898 159 1932 κού
166 1894 325 1947 μενος),
350 1901 422 1933 etc.

743 2113 791 2149 68

313 2199 371 2238 De
394 2199 509 2237 bonis
528 2199 841 2252 proscriptorum
865 2212 945 2238 non
966 2198 1223 2237 occultandis.

146 2308 236 2346 Cod.
268 2307 466 2353 Theodos„
491 2306 560 2354 lx,
583 2310 649 2354 42,
676 2307 698 2346 5
716 2306 812 2358 (362
832 2306 947 2345 Mart.
974 2307 1040 2359 9):

145 2390 230 2429 Iup.
255 2389 439 2429 qufflus
462 2390 509 2428 A.
538 2405 586 2428 AD
622 2390 792 2429 Fenessu
823 2389 1032 2443 COMQTssu)
1065 2390 1306 2442 s(Aannuu)
1332 2391 1448 2444 L(An-

35 2451 39 2489 ἕ
81 2451 312 2515 1ειιϊιοιεωι).
347 2460 521 2511 Quidam
547 2460 730 2501 scelerate
751 2460 1067 2516 proscribtorum
1098 2460 1301 2501 facultates
1321 2461 1450 2501 occul-

37 2547 58 2577 ι)
91 2539 192 2572 tant.
244 2532 324 2572 Hos
370 2532 651 2587 praecipimus,
694 2533 724 2571 si
765 2531 979 2586 locupletes
1027 2532 1119 2580 sint,
1166 2532 1451 2586 proscribtione

1240 2617 1259 2648 6
