1715 2796
15 801 56 824 10

16 1431 60 1454 20

18 1691 60 1725 25

21 2226 65 2262 35

555 87 612 121 ET
641 86 788 121 Leues
819 110 857 111 ψ
895 88 999 133 ,5ης
1416 103 1449 122 -ς,

91 173 202 222 αὐτῷ
220 170 321 222 (scil.
343 175 400 221 τῷ
421 171 731 223 Κωνσταντὶῳ),
761 172 908 222 μᾶλλον
931 172 976 208 δὲ
995 172 1215 208 {Sidonii-ro
1234 171 1304 222 (cs.
1332 172 1457 216 Koch,

90 257 130 296 P·
158 243 269 295 459).

743 368 809 406 b-c

148 458 206 498 De
226 457 483 512 sequentibus
502 458 647 498 litteris
661 459 709 496 cf.
736 458 902 504 Iulian,
924 458 1043 511 Epist.
1068 458 1116 497 ad
1131 460 1162 496 A
1173 460 1290 498 then..
1316 460 1384 499 281
1405 460 1432 497 C
1451 474 1457 497 :

95 513 308 551 Σκοπεῖτε
328 514 373 550 δὲ
397 516 513 558 ὅπως
539 516 606 550 καὶ
626 516 852 565 γενόμενος
877 515 1142 563 αὐτοκράτωρ
1167 514 1233 551 ἔτι.
1256 515 1460 564 θεραπευ-

92 569 221 612 τικῶς
242 568 352 618 αὐτῷ
369 566 470 615 (scil.
498 570 554 618 τῷ
583 567 876 618 Κωνσταντίῳ)
897 568 1190 619 προσηνέχθην
1213 566 1265 614 ἐξ,
1287 567 1341 605 ὧν
1366 568 1463 605 ἐπὲ-

94 621 251 660 <rte-lm.
275 620 350 659 285
372 620 434 659 D:
463 621 593 658 Οὔπω
617 625 685 658 καὶ
704 624 884 672 τήμερον
908 621 1058 666 <ἐν>
1084 626 1180 667 ταῖς
1203 625 1311 671 πρὸς
1336 623 1461 659 αὐτὸν

94 675 340 720 ἐπιστολαῖς
363 679 415 728 τῇ
438 676 603 728 δοθείσῃ
629 690 697 726 μοι
713 677 830 725 παρὰ
849 677 929 712 τῶν
950 676 1053 712 Θεῶν
1076 675 1291 726 ἐπωνυμίᾳ
1317 677 1463 728 κέχρη-

97 743 180 780 μαι,
213 729 400 779 Καίσαρα
429 730 474 767 δὲ
506 729 687 780 ἐμαυτὸν
714 729 891 781 ἔγραψα.
918 728 976 767 Cf.
1009 728 1128 775 infra,
1152 744 1190 782 p.
1222 729 1287 775 23,
1312 729 1361 768 33
1383 744 1461 782 sq.,

94 789 132 822 et
154 782 314 827 Liban.,
343 782 450 821 Orat.
479 782 625 828 XVIII,
656 783 742 821 105.

764 890 789 928 b

150 980 359 1019 Ammian.
384 980 525 1027 Maro,
550 980 636 1027 XX,
660 982 699 1025 8,
728 994 747 1018 2
772 995 778 1018 :
806 980 914 1020 Inter
939 995 1041 1032 quae
1063 980 1244 1019 Iulianus
1265 980 1370 1034 apud
1391 980 1466 1019 Pa-

96 1034 208 1073 risios
240 1033 418 1073 hibernis
451 1033 601 1081 locatis,
625 1048 784 1073 summa
807 1040 1039 1088 coeptorum
1069 1048 1262 1087 quorsum
1285 1033 1464 1073 eraderet

96 1088 392 1142 pertimescens,
416 1095 499 1127 erat
525 1088 681 1134 aninS,
718 1102 946 1141 numquam
974 1088 1241 1127 adsensurum
1265 1088 1465 1128 Constan—

97 1142 202 1181 tium
222 1142 333 1181 factis
352 1141 482 1181 multa
504 1142 696 1181 volvendo
720 1142 989 1188 considerans,
1010 1142 1116 1196 apud
1137 1157 1259 1196 quem
1283 1142 1466 1182 sordebat

97 1206 142 1236 ut
180 1196 349 1236 infimus
372 1203 412 1236 et
441 1202 708 1250 contemptus.
741 1197 778 1235 3.
808 1196 1112 1250 Circumspectis
1143 1196 1277 1250 itaque
1301 1196 1466 1250 trepidis

98 1264 235 1290 rerum
252 1264 451 1289 novarum
472 1250 657 1297 exordiis,
681 1250 828 1304 legatos
841 1250 890 1289 ad
913 1265 1005 1289 eum
1024 1251 1184 1290 mittere
1208 1251 1345 1289 statuit
1361 1257 1468 1304 gesta

97 1304 300 1352 docturos,
326 1304 461 1358 eisque
496 1305 749 1344 concinentes
782 1305 933 1343 litteras
969 1304 1094 1347 dedit.
1129 1304 1227 1359 quid
1261 1311 1394 1344 actum
1420 1305 1469 1343 sit

98 1358 246 1413 quidve
270 1359 354 1398 fieri
390 1365 570 1412 oporteat
602 1358 786 1413 deinceps
820 1373 988 1398 monens
1025 1359 1199 1412 apertius
1223 1365 1259 1398 et
1295 1358 1468 1398 demon—

99 1419 242 1452 strans.
259 1415 297 1457 4.
316 1413 576 1466 Quamquam
593 1427 686 1451 eum
701 1412 797 1452 haec
816 1412 972 1451 dudum
989 1413 1209 1467 conperisse
1229 1413 1470 1466 opinabatur

100 1467 227 1507 relatu
252 1466 433 1506 Decentii
454 1467 551 1506 olim
574 1466 716 1507 reversi
738 1473 775 1506 et
793 1466 1134 1505 cubiculariorum
1152 1481 1286 1506 recens
1306 1466 1354 1506 de
1375 1467 1469 1506 Gal-

99 1521 162 1560 liis
181 1535 519 1575 praegressorum,
542 1521 612 1574 qui
634 1520 683 1559 ad
704 1520 911 1559 Caesarem
930 1520 1064 1574 aliqua
1086 1527 1293 1574 portavere
1309 1520 1469 1559 sollem-

100 1575 182 1622 nia,
198 1581 235 1614 et
250 1589 502 1629 quamquam
518 1589 599 1614 non
616 1581 903 1628 repugnanter,
928 1581 1061 1614 tamen
1087 1589 1158 1614 nec
1182 1575 1468 1628 adrogantibus

100 1628 231 1669 verbis
267 1628 485 1682 quicquam
523 1628 674 1682 scripsit
710 1643 759 1668 ne
792 1628 995 1668 videretur
1027 1628 1158 1667 subito
1192 1629 1466 1674 renuntiasse;

101 1689 184 1722 erat
203 1689 341 1721 autem
365 1683 593 1722 litterarum
615 1697 752 1722 sensus
773 1682 1004 1722 huiusmodi
1026 1697 1032 1721 :

156 1737 190 1775 5.
218 1754 236 1774 c<
257 1735 340 1789 Ego
363 1736 528 1791 quidem
553 1737 741 1791 propositi
765 1737 841 1775 mei
866 1737 987 1775 fidem
1015 1751 1095 1776 non
1132 1736 1266 1775 minus
1288 1736 1469 1775 moribus

100 1805 225 1845 quam
250 1790 455 1830 foederum
477 1798 605 1844 pacto,
628 1790 760 1844 quoad
787 1791 878 1838 suit,
901 1805 1032 1829 unum
1051 1805 1210 1844 semper
1225 1797 1344 1844 atque
1361 1790 1469 1829 idem

103 1844 275 1885 sentiens
297 1845 539 1891 conservavi,
575 1852 618 1884 ut
653 1845 794 1884 effe-ctu
829 1844 1041 1898 multiplici
1078 1844 1220 1884 claruit
1251 1844 1466 1883 evidenter.

103 1899 141 1937 6.
170 1898 336 1952 Iamque
358 1898 452 1937 inde
476 1899 534 1938 uti
573 1913 634 1937 me
667 1905 846 1938 creatum
880 1899 1085 1938 Caesarem
1122 1913 1352 1952 pugnarum
1376 1898 1472 1936 hor-

102 1952 236 1991 rendis
270 1952 492 2006 fragoribus
525 1953 714 1998 obiecisti,
754 1958 944 2007 potestate
974 1952 1100 1992 delata
1122 1958 1351 1999 contentus,
1377 1967 1470 1991 cur—

103 2006 282 2045 rentium
306 2020 351 2045 ex
381 2013 472 2045 voto
495 2021 584 2060 pros
615 2007 805 2046 eritatum
826 2006 981 2045 nuntiis
1005 2006 1165 2053 crebris,
1206 2013 1247 2045 ut
1270 2007 1470 2061 apparitor

104 2059 223 2107 fidus,
246 2066 336 2099 tuas
356 2074 470 2099 aures
494 2022 674 2114 impiiavi,
709 2060 810 2099 nihil
843 2075 1013 2114 usquam
1038 2060 1222 2114 periculis
1247 2061 1345 2100 meis
1366 2059 1471 2099 adsi-

103 2128 246 2167 gnans,
268 2129 361 2154 cum
385 2114 636 2154 documentis
659 2114 834 2153 adsiduis
864 2120 1032 2161 constet,
1070 2114 1223 2153 diffusis
1244 2114 1470 2168 permixtis-

103 2182 182 2221 que
205 2168 348 2222 passim
381 2168 607 2215 Germanis,
634 2168 675 2206 in
700 2167 903 2207 laboribus
937 2182 1000 2207 me
1042 2183 1196 2222 semper
1227 2168 1355 2208 xisum
1387 2183 1472 2207 om-

105 2221 222 2260 nium
246 2222 442 2276 primum,
484 2222 526 2261 in
570 2222 753 2261 laborum
778 2222 990 2261 refectione
1022 2229 1286 2275 postremum.
1322 2236 1359 2275 7.
1394 2222 1471 2261 Sed

107 2275 211 2314 bona
234 2282 301 2315 tua
332 2276 446 2315 venia
467 2275 652 2322 dixerim,
675 2275 808 2329 siquid
829 2281 1022 2314 novatum
1044 2281 1099 2315 est
1120 2291 1245 2323 nunc,
1272 2282 1317 2315 ut
1340 2276 1472 2315 existi-

107 2343 206 2376 maS,
230 2329 272 2368 in
295 2330 436 2368 multis
459 2329 570 2369 bellis
590 2336 628 2369 et
649 2330 793 2383 asperis
816 2336 984 2370 aetatem
1009 2329 1092 2369 sine
1115 2330 1246 2369 fructu
1267 2336 1473 2369 conterens

107 2382 220 2422 miles
248 2383 347 2422 olim
371 2383 635 2423 deliberatum
664 2383 861 2437 implevit,
894 2384 1066 2423 fremens
1096 2383 1336 2437 secundique
1359 2384 1474 2437 inpa-

107 2437 207 2476 tiens
226 2436 302 2476 loci
327 2443 534 2484 rectorem,
560 2452 653 2476 cum
679 2437 810 2476 nullas
832 2437 906 2476 sibi
933 2437 1032 2476 vices
1052 2451 1073 2476 a
1103 2437 1266 2477 Caesare
1287 2437 1471 2476 diuturni

108 2489 261 2530 sudoris
285 2497 324 2531 et
347 2491 606 2530 victoriarum
626 2491 901 2545 frequentium
922 2491 1085 2545 rependi
1106 2506 1216 2545 posse
1228 2490 1474 2544 contempla-

107 2550 232 2583 retur.
258 2545 294 2583 8.
321 2544 446 2583 Cuius
466 2545 695 2585 iracundiae
715 2560 785 2584 nec
806 2544 1050 2600 dignitatum
1076 2551 1291 2598 augmenta
1311 2559 1382 2584 nec
1404 2558 1473 2582 an-
