1747 2796
258 89 279 109 x
284 89 350 111 11111
800 77 1072 112 PRAEFATIO

258 169 477 216 servatam,
493 177 543 204 ex
561 161 742 204 editione
765 161 967 218 Stephani
987 161 1149 219 (1544)
1165 170 1260 218 post
1279 176 1437 204 nonam
1452 161 1619 203 Musuri

258 234 447 276 inseruit.
473 233 683 275 Nonnulla
710 233 863 274 menda
890 233 1094 288 sagaciter
1115 233 1308 275 correxit.

320 305 459 347 Editio
487 305 671 347 Martinii
697 312 737 346 et
763 304 1003 346 Cantoclari
1034 304 1243 362 (Parisiis,
1288 304 1421 364 1583)
1457 305 1619 347 addidit

260 378 304 418 in
331 377 441 419 calce
467 377 664 433 sylloges,
690 375 783 417 loco
810 375 1179 432 quinquagesimo,
1203 391 1253 418 ex
1287 376 1507 418 Sozomeni
1532 377 1620 418 his-

260 448 365 490 toria
391 448 616 505 epistulam
637 448 693 494 84
706 463 744 501 a,
779 446 930 488 deinde
960 462 1028 503 ep.
1064 447 1144 489 108
1165 447 1242 503 (50
1264 446 1493 506 Hertlein),
1539 463 1554 489 1
1569 463 1583 489 1
1599 463 1614 489 1

260 520 376 577 (51),
408 520 488 566 114
515 518 633 576 (52),
663 520 778 575 6189
806 534 829 560 a
856 517 958 577 (63)
978 532 1027 559 6)(
1048 518 1192 560 codice
1214 518 1404 560 Parisino
1431 519 1484 561 U.

320 591 461 632 Editio
489 590 660 646 Rigaltii
680 590 904 647 (Lutetiae,
950 589 1080 646 1601)
1110 590 1273 631 addidit
1292 590 1413 646 epist.
1439 592 1494 646 59
1522 590 1621 647 (58)

261 671 301 704 et
321 664 373 704 82
394 662 494 720 (59)
517 677 687 703 mancas
709 669 748 702 et
769 662 813 702 in
835 675 969 702 unum
988 668 1238 715 contractas,
1263 661 1371 703 sicut
1396 662 1621 703 traduntur

261 735 305 776 in
326 734 545 775 codicibus
566 733 748 775 lamiliae
775 733 866 774 ΝΟ.

323 805 460 847 Editio
488 805 677 847 Parisina
703 820 739 846 a.
769 805 878 846 1630
905 819 1004 845 cura
1032 803 1190 845 petavii
1216 805 1436 847 emendata
1465 805 1622 862 epistu—

262 878 312 919 lis
339 885 458 919 antea
486 877 595 918 notis
621 876 811 917 adiunxit
833 891 898 932 ep.
929 876 1027 927 185,
1058 876 1154 931 189,
1179 877 1220 930 8,
1252 891 1331 932 109
1358 884 1398 918 61
1424 878 1503 932 195
1524 876 1623 934 (53-

264 951 317 1006 57
348 949 560 1006 Η6111610)
579 964 628 989 6)(
654 948 797 989 codice
824 947 1014 988 Parisino
1041 948 1091 1001 E,
1111 963 1176 1003 ep.
1205 948 1284 989 183
1313 956 1353 990 et
1378 949 1453 990 181
1484 948 1563 1006 (60
1584 955 1623 988 61

264 1022 340 1078 61)
367 1036 414 1062 6)(
442 1020 696 1062 Barocciano
718 1020 767 1071 B,
806 1034 871 1074 ep.
897 1019 953 1060 88
974 1019 1072 1075 (62)
1104 1034 1151 1060 6)(
1173 1019 1365 1061 Parisino
1388 1019 1421 1061 U
1449 1027 1489 1061 et
1514 1019 1623 1076 epis-

266 1093 397 1134 tulam
425 1092 535 1134 Galli
556 1107 605 1132 ex
632 1091 814 1132 editione
840 1090 1035 1131 Vulcanii
1073 1090 1392 1147 (Theophylacti
1419 1090 1625 1133 Simocat-

266 1171 328 1205 tae
366 1171 521 1221 quaest.
559 1162 721 1219 physic.
765 1170 864 1215 etc.,
909 1161 1108 1217 Lugduni
1142 1162 1413 1213 Batavorum,
1468 1161 1619 1220 1597).

265 1235 585 1277 Ordinationem
612 1234 676 1275 vel
706 1233 848 1290 potius
877 1233 1237 1289 perturbationem
1269 1232 1548 1290 epistularum
1581 1233 1625 1274 in

264 1307 343 1347 hac
376 1305 556 1347 editione
576 1305 809 1346 adhibitam
840 1304 1018 1346 editores
1053 1304 1251 1361 deinceps
1284 1312 1503 1362 sequentes
1530 1304 1625 1345 reti-

267 1385 465 1419 nuerunt.

326 1449 464 1490 Editio
484 1446 941 1504 Spanhemii(Lipsiae,
962 1446 1108 1502 1696),
1127 1447 1247 1488 cuius
1263 1447 1441 1504 paginae
1455 1446 1499 1488 in
1515 1462 1627 1489 mar-

266 1521 437 1577 ginibus
458 1534 634 1576 operum
657 1518 807 1560 Iuliani
828 1518 1018 1560 adnotari
1046 1518 1195 1570 solent,
1226 1518 1430 1560 nonnulla
1457 1519 1625 1575 supple-
1697 1566 1704 1573 ·

266 1593 340 1645 vit,
364 1592 587 1648 praecipue
613 1590 656 1631 in
683 1606 748 1647 ep.
775 1591 829 1645 89
852 1605 874 1631 a
901 1590 1014 1647 (63),
1041 1589 1174 1630 velex
1201 1589 1456 1644 coniectura,
1485 1590 1550 1631 vel
1576 1605 1625 1631 ex

267 1663 486 1715 vossiano,
512 1662 584 1720 qui
625 1661 881 1718 Spanhemio
910 1668 1073 1717 praesto
1099 1660 1192 1713 fuit,
1231 1661 1296 1702 vel
1324 1676 1374 1702 6)(
1405 1661 1626 1703 collatione

267 1734 419 1776 Leonis
451 1733 592 1775 Allatii
623 1748 752 1790 quam
792 1734 944 1774 frustra
988 1732 1288 1788 quaesivimus.
1331 1732 1466 1774 Multa
1502 1740 1626 1789 typo—

269 1805 477 1846 thetarum
498 1820 570 1846 seu
597 1805 766 1845 editoris
784 1804 906 1860 culpa
928 1804 1080 1845 menda
1106 1803 1383 1860 irrepserunt.

329 1877 376 1917 In
392 1875 613 1917 Anecdotis
628 1875 792 1918 Graecis
805 1875 1058 1917 Muratorius
1070 1874 1268 1931 (Patavii,
1291 1891 1304 1916 1
1316 1874 1424 1934 709)
1437 1875 1624 1932 primum

270 1948 399 1989 edidit
413 1963 461 1989 6)(
473 1948 615 1989 codice
634 1947 912 1988 Ambrosiano
928 1946 1196 2002 Aepistulam
1219 1949 1271 2002 59
1294 1945 1396 2005 (58)
1418 1947 1624 2003 integram

271 2027 311 2061 et
329 2035 394 2075 ep.
426 2020 522 2074 176,
559 2033 655 2074 177,
677 2033 757 2060 202
781 2019 874 2074 (64,
898 2019 968 2070 65,
994 2018 1048 2059 66
1071 2017 1293 2074 Η6111610).

331 2091 547 2132 Fabricius
563 2090 679 2145 operi
701 2105 775 2131 suo
791 2088 1002 2131 Salutaris
1023 2089 1096 2130 lum
1113 2089 1328 2146 Evanyelii
1345 2089 1623 2146 (Hamburgi,

279 2161 411 2219 1731)
436 2161 651 2202 subiunxit
670 2161 867 2217 epistulas
897 2161 971 2202 182
996 2160 1070 2217 (67
1094 2159 1320 2218 Hertlein),
1346 2161 1400 2207 40
1423 2159 1538 2218 (68),
1572 2177 1625 2216 29

272 2233 383 2288 (69),
422 2232 523 2282 [835
552 2231 716 2272 Libanii
747 2232 832 2288 (ed.
863 2230 1039 2288 Wolf)]‚
1067 2232 1120 2278 46
1154 2231 1267 2288 (31),
1309 2245 1387 2287 199
1417 2233 1530 2289 (70),
1576 2216 1625 2274 13

271 2303 384 2359 (71),
418 2304 472 2344 36
503 2303 615 2359 (72),
655 2318 731 2357 192
765 2302 882 2360 (73),
917 2317 970 2358 97
998 2301 1356 2359 p³1·tim(=7l⁸>›
1400 2305 1481 2346 205
1509 2304 1622 2361 (75),

273 2375 324 2415 82
348 2375 423 2430 (59
438 2374 663 2429 integram)
673 2389 721 2414 ex
733 2373 976 2430 apographo
990 2373 1191 2414 Friderici
1208 2374 1455 2429 Rostgaard,
1472 2375 1544 2432 qui
1559 2390 1626 2416 eas

273 2445 316 2486 in
342 2445 485 2487 codice
511 2445 791 2486 Laurentiano
811 2445 841 2485 L
869 2444 932 2486 vel
955 2444 1037 2501 [ep.
1063 2445 1117 2486 36
1146 2443 1263 2502 (72)]
1287 2445 1330 2486 10
1347 2445 1627 2488 Ambrosiano

274 2516 311 2556 K
333 2516 558 2557 invenerat.
