1747 2796
300 117 366 155 204
828 117 855 149 l.
884 115 1145 149 EI'ISTL'LAE

298 201 432 250 δῆμος
456 202 564 236 οἴκοι
590 202 904 250 κρυπτομένους
926 200 1203 237 συνελάθοντο
1240 202 1307 236 καὶ
1327 200 1592 250 δεσμωτηρίῳ
1613 201 1667 236 τὰ

296 257 443 303 πρῶτα
461 255 698 303 παρέδοσαν
723 257 791 290 καὶ
805 254 1108 304 ἐμαστίγωσαν.
1135 267 1170 292 2.
1188 254 1375 290 ’ῚΞπειτα
1390 254 1667 297 συνελθόντες

299 309 364 352 εἷς
385 312 432 344 τὸ
455 309 645 357 θέατρον,
668 309 847 351 πλεῖστα
872 310 1006 344 αὐτῶν
1047 309 1321 357 κατεὸόησαν,
1347 309 1404 352 ὥς
1441 321 1667 357 κακουργη-

299 365 460 398 σάντων
482 365 534 398 τὰ
555 364 647 411 ἱερὰ
680 365 747 398 καὶ
778 363 849 398 ἐπὶ
875 363 1114 410 καθαιρέσει
1151 365 1218 398 καὶ
1240 362 1355 411 ὓθρει
1383 364 1457 398 τοῦ
1479 361 1667 411 “Ελληνι-

299 419 403 466 σμοῦ
420 419 476 465 τῷ
488 416 884 466 παρελθόντιχρόνῳ
907 417 1280 466 ἀποχρησαμένων.
1296 415 1368 452 Ἐν
1382 415 1427 452 δὲ
1440 418 1496 465 τῷ
1523 429 1666 464 κεκρα-

299 472 417 518 γέναι
443 473 510 505 καὶ
531 473 809 518 παροτρύνειν
835 470 1041 519 ἀλλήλους
1065 471 1130 514 εἷς
1153 473 1224 506 τὸν
1253 469 1343 506 κατ’
1377 471 1511 506 αὐτῶν
1534 471 1662 519 φόνον

299 524 616 573 ἐνεπλήσθησαν
657 525 800 573 θυμοῦ.
844 523 880 561 3.
919 523 998 560 Καὶ
1024 524 1441 574 παρακελευσάμενοι
1475 524 1661 568 ἑαυτοῖς,

300 578 371 613 οἶά
394 592 439 626 γε
472 578 604 627 δῆμος
639 576 878 618 στασιάζων
916 578 1052 618 εἴωθε,
1079 578 1334 627 κατέδραμον
1357 579 1423 622 εἰς
1441 579 1490 613 τὸ
1511 577 1666 627 δεσμω-

298 634 441 681 τήριον
484 634 551 667 καὶ
592 630 878 681 ἐξαγαγόντες
925 634 1083 676 αὐτοὺς
1128 632 1324 681 ὦμότατα
1368 631 1660 681 διεχρήσαντο

300 684 516 737 Postquam
538 684 586 722 do
620 684 765 722 horum
788 691 917 725 maru
922 699 1013 722 rum
1040 698 1131 723 nece
1165 683 1310 722 similia
1332 683 1507 722 narravit
1527 690 1664 722 auctor

298 753 345 775 υς
366 752 467 791 quac
496 737 543 775 do
577 738 631 775 G(
623 753 678 776 οι
682 753 734 780 011
759 729 1018 777 Alexandrini
1052 744 1179 777 morte
1208 744 1303 776 nota
1326 744 1440 777 erant
1459 737 1527 789 (cf.
1552 737 1661 784 ibid„

385 794 440 844 7.)
476 778 712 830 d‹·(1azae'is
747 792 872 830 caedis
909 799 1135 845 malt)1u1n
1174 792 1403 831 auctoribus
1445 791 1498 830 sic
1536 791 1664 845 pergit

299 792 544 885 Sozo'monus
563 847 600 898 (ξ’
631 848 721 898 ιι);
755 847 933 889 Γαζαῖοι
961 848 1006 884 δὲ
1038 850 1086 883 τὸ
1117 848 1292 897 μέγεθος
1318 823 1665 897 ἀναλογιζόμενοι

298 904 372 937 τοῦ
399 902 553 937 οἰκείου
591 902 875 951 τολμήματος,
901 902 1115 950 περιδεεῖς
1142 900 1248 951 ἦσαν
1277 904 1327 952 μὴ
1360 903 1434 937 οὐκ
1462 899 1664 946 ἀνέξεται

299 957 319 991 ὃ
361 955 561 999 βασιλεὺς
590 954 690 1005 (scil.
725 955 974 1005 Ἰουλιανὸς)
1009 956 1302 1005 ἀτιμωρήτους
1344 957 1458 1005 σφὰς
1505 956 1663 999 αὐτοὺς

301 1010 561 1045 καταλιπεῖν·
590 1010 665 1059 ἤδη
701 1012 774 1058 γὰρ
811 1012 879 1045 καὶ
917 1012 1033 1059 φήμη
1063 1023 1132 1054 τις
1162 1010 1357 1059 διεφοίτα
1387 1010 1445 1053 ὣς
1463 1009 1663 1059 χαλεπῶς

299 1064 421 1112 φέροι
447 1066 514 1099 καὶ
538 1064 825 1099 ἀποδεκατοῦν
851 1066 898 1099 τὸ
927 1064 1091 1113 πλῆθος
1115 1062 1363 1105 σπουδάζοι.
1404 1076 1463 1101 12.
1495 1061 1586 1100 *Hv
1618 1063 1663 1099 δὲ

298 1120 434 1153 ταῦτα
465 1117 625 1168 ψεῦδος
660 1120 727 1153 καὶ
759 1118 909 1166 θρῦλος
947 1119 1068 1167 μόνον
1104 1118 1162 1162 ὣς
1200 1118 1317 1162 εἰκὸς
1348 1117 1545 1167 δημώδης
1581 1118 1662 1153 ὕπὸ

298 1171 459 1215 δειλίας
497 1174 564 1206 καὶ
595 1174 668 1207 τοῦ
709 1171 945 1207 συνειδέναι
969 1172 994 1207 ὁὶ
1024 1171 1267 1220 δεδράκασιν
1296 1172 1339 1207 ἐν
1364 1175 1459 1216 τοῖς
1488 1171 1664 1215 πολλοῖς

297 1227 647 1274 περιφερόμενος,
669 1225 813 1275 ἐπειδὴ
833 1225 942 1267 οὐδέ,
960 1228 1086 1261 τοῦτο
1103 1225 1149 1276 δὴ
1167 1228 1215 1261 τὸ
1229 1228 1338 1274 πρὸς
1351 1223 1664 1274 Ἀλεξανδρέας

298 1281 472 1327 γεγονὸς
487 1279 557 1315 ἐπὶ
583 1279 785 1328 Γεωργίου
803 1278 883 1330 (ep.
903 1278 985 1330 60),
1005 1279 1101 1315 οὐδὲ
1121 1279 1165 1315 ἐν
1188 1282 1419 1329 γράμμασιν
1441 1279 1662 1330 ἐμέμψατο

297 1337 391 1376 τοῖς
412 1331 629 1377 Γαζαίοις.
662 1333 719 1371 13.
735 1333 861 1369 Ἀλλὰ
875 1336 1027 1369 καὶτὸν
1050 1334 1279 1383 ἡγούμενον
1301 1335 1401 1370 τότε
1420 1336 1496 1370 τοῦ
1512 1333 1664 1377 ἔθνους

297 1390 374 1436 τὴν
419 1387 549 1437 ἀρχὴν
585 1387 783 1436 ἀφείλετο
829 1389 896 1422 καὶ
934 1387 977 1423 ἐν
1016 1389 1194 1437 ὑπονοίᾳ
1223 1387 1330 1437 εἶχε,
1359 1390 1427 1423 καὶ
1457 1388 1660 1437 ἀγώγιμον

297 1443 498 1490 ποιήσας,
540 1444 587 1476 τὸ
631 1444 680 1491 μή
714 1442 896 1477 θανάτου
940 1442 1319 1492 καταψηφίσασθαι
1348 1441 1660 1491 φιλανθρωπίαν

298 1494 531 1543 ἐλογίσατο·
559 1495 765 1546 ἐπῃτιᾶτο
788 1494 832 1530 δὲ
854 1496 979 1531 αὐτὸν
1005 1496 1149 1531 καθότι
1183 1497 1306 1539 τινὰς
1337 1497 1419 1531 τῶν
1449 1494 1658 1537 Γαζαίων,

298 1550 340 1583 οἳ
360 1551 645 1598 τῆςστάσεως
660 1551 727 1584 καὶ
740 1551 820 1584 τῶν
841 1551 977 1599 φόνων
992 1547 1120 1597 ἄρξαι
1131 1549 1339 1598 ἐλέγοντο,
1356 1549 1663 1599 συλλαὸόμενος

298 1601 342 1637 ἐν
379 1603 550 1652 δεσμοῖς
581 1602 713 1652 εῖχεν,
751 1603 808 1646 ὥς
844 1605 950 1639 κατὰ
989 1605 1145 1652 νόμους
1180 1604 1362 1647 εὐθύνας
1397 1601 1658 1653 ὑφέξοντας·

300 1673 317 1690 ιι
352 1659 401 1692 τί
430 1658 516 1705 γάρ
552 1672 587 1696 )),
635 1659 777 1706 φησίν,
827 1657 982 1692 «ἔδει
1018 1658 1211 1701 αὐτοὺς
1263 1657 1571 1706 ἀπάγεσθαι,
1617 1657 1663 1692 εἰ

302 1708 618 1754 Γαλιλαίους
665 1711 870 1759 ὀλίγους
909 1709 1022 1746 ἀνθ’
1060 1710 1118 1746 ὧν
1161 1711 1322 1747 πολλὰ
1360 1712 1438 1755 εἷς
1473 1712 1662 1755 αὐτοὺς

301 1767 382 1799 καὶ
414 1767 535 1808 τοὺς
569 1765 719 1808 θεοὺς
761 1765 1003 1814 ἠδίκησαν
1036 1766 1316 1814 ἠμύναντο;
1345 1780 1362 1799 )>

352 1870 514 1922 Gregor.
542 1870 740 1915 Naziffln„
769 1872 876 1909 Orat.
907 1870 973 1915 W,
1000 1872 1050 1920 035
1070 1883 1077 1910 ζ
1101 1871 1227 1908 Ἀλλὰ
1250 1874 1319 1916 τίς
1349 1873 1422 1908 οὐκ
1453 1871 1564 1908 οῗδεν
1586 1873 1657 1917 ὥς,

298 1925 428 1974 δήμου
449 1928 568 1970 τινὸς
588 1926 871 1975 ἐπιμανέντος
892 1925 1175 1974 Χριστιανοῖς,
1203 1928 1270 1962 καὶ
1287 1926 1417 1962 πολὺν
1446 1928 1516 1976 μὲν
1544 1926 1662 1975 ἐργα-

299 1980 486 2028 σαμένων
510 1981 653 2029 φόνον,
679 1980 808 2015 πλείω
842 1980 886 2015 δὲ
919 1980 1218 2023 ἀπειλούντων,
1254 1980 1398 2030 ἐπειδὴ
1437 1981 1563 2030 μέσην
1590 1980 1663 2020 βα·-

298 2032 422 2074 δίζων
446 2035 465 2068 ὅ
487 2036 561 2069 τοῦ
594 2033 745 2077 ἔθνους
775 2034 910 2083 ἅρχων
936 2036 1009 2068 τοῦ
1042 2036 1183 2082 καιροῦ
1217 2036 1284 2069 καὶ
1312 2036 1392 2069 τῶν
1426 2036 1559 2084 νόμων
1583 2032 1661 2086 (τῷ

300 2088 370 2136 μέν
397 2090 470 2135 γὰρ
492 2087 701 2122 δουλεύειν
725 2088 828 2136 ᾤετο
851 2087 951 2126 δεῖν.
990 2090 1093 2131 τοὺς
1125 2087 1170 2123 δὲ
1205 2090 1382 2136 μετρίως
1412 2086 1658 2139 ᾐσχύνετο),

299 2143 366 2176 καὶ
390 2141 456 2175 διὰ
478 2144 604 2176 τοῦτο
628 2141 812 2185 πολλοὺς
847 2142 917 2190 μὲν
949 2142 1170 2190 ἀπαγαγὼν
1206 2141 1478 2190 Χριστιανῶν,
1506 2142 1662 2190 ὀλίγοις

297 2194 341 2229 δὲ
365 2197 444 2229 τῶν
491 2194 700 2244 ζΕλλήνων
738 2195 1008 2244 ἐπιτιμήσας,
1051 2194 1130 2231 εἶτ’
1162 2195 1365 2245 ἀναχθεὶς
1402 2199 1459 2245 τῷ
1500 2195 1662 2236 βασιλεῖ

295 2246 395 2295 (scil.
424 2247 665 2298 Ἰουλιανῷ),
704 2251 958 2297 κατηγορίας
981 2250 1227 2298 γενομένης,
1264 2250 1416 2298 ἄτιμος
1450 2251 1518 2285 καὶ
1540 2250 1660 2298 ἀνάρ-

294 2315 461 2345 παστος
489 2305 587 2350 περὶ
609 2305 768 2338 τούτων
802 2303 1005 2351 ἐκρίνετο.
1042 2305 1109 2338 καὶ
1140 2305 1244 2347 τοὺς
1272 2305 1428 2352 νόμους
1454 2303 1662 2351 προῦὅάλ-

295 2355 407 2394 λετο,
435 2355 522 2391 καθ,
544 2358 619 2400 οὓς
643 2356 870 2405 ἐπιστεύθη
897 2354 1100 2397 δικάζειν,
1128 2359 1269 2406 μικροῦ
1294 2358 1364 2406 μὲν
1387 2357 1556 2406 ἀπήχθη
1582 2359 1658 2406 τὴν

296 2409 368 2445 ἐπὶ
388 2410 566 2459 θανάτῳ,
593 2410 718 2453 τέλος
739 2410 797 2453 δέ,
821 2410 1138 2459 φιλανθρωπίας
1157 2411 1309 2460 τυχών,
1336 2408 1506 2459 ἐξορίαν
1533 2423 1660 2446 κατα-

299 2465 484 2511 κρίνεται
506 2475 513 2502 ;
546 2462 625 2499 Καὶ
647 2464 670 2512 ἡ
695 2464 913 2513 ἀπόφασις
942 2463 999 2507 ὥς
1030 2464 1241 2513 θαυμασία
1260 2477 1309 2500 τε
1340 2466 1408 2500 καὶ
1428 2464 1661 2514 φιλάνθρω-

295 2529 393 2560 πος·
424 2532 442 2551 «
466 2519 516 2552 τί
546 2519 636 2565 γὰρ
671 2518 788 2566 μέγα
812 2532 848 2560 »,
885 2520 1011 2566 φησὶν
1038 2518 1058 2553 ὃ
1097 2517 1261 2562 δίκαιος
1284 2518 1489 2568 δικαστὴς
1514 2519 1581 2553 καὶ
1607 2519 1657 2567 μὴ

296 2570 450 2606 διώκων
481 2570 774 2618 Χριστιανούς,
816 2585 835 2605 «
862 2572 901 2606 εἰ
928 2571 1230 2616 Γαλιλαίους
1263 2571 1384 2607 δέκα
1428 2573 1510 2621 μία
1543 2573 1658 2621 χεὶρ

1726 415 1746 450 5

1706 696 1746 720 10

1704 955 1743 990 15

1702 1235 1744 1259 20

1701 1491 1742 1528 25

1699 1760 1742 1796 30

1698 2087 1739 2123 35

1698 2357 1740 2396 [ιο
