1747 2796
293 90 355 127 ¹4⁸
807 85 832 117 Ι,
863 83 1124 118 EPISTL'LAE

286 178 324 210 et
346 169 610 224 inperitorum
632 168 716 207 cius
742 167 1020 220 theologorum
1044 165 1290 219 piscatorum
1311 179 1503 205 errorem.
1524 164 1653 218 Prop-

288 250 346 282 ter
372 241 480 295 quod
514 240 593 278 iam
628 239 698 278 (liu
729 245 786 277 est
808 238 917 292 quod
947 237 995 276 ab
1017 237 1109 291 ipsis
1134 237 1303 292 punitur
1322 237 1412 276 diis.
1438 237 1522 275 Iam
1544 236 1654 274 enim

287 329 357 369 per
380 312 527 352 multos
547 326 673 350 annos
693 311 735 349 in
762 311 983 365 periculum
1005 324 1216 348 conversus
1233 319 1271 349 et
1294 309 1336 347 in
1357 308 1654 362 corruptionem

290 385 460 424 thoracis
484 382 677 430 incidens,
704 383 752 421 ad
776 396 985 421 summum
1017 381 1196 435 pervenit
1225 380 1483 435 supplicium.
1525 379 1656 418 Omne

292 458 374 496 eius
395 470 535 509 corpus
555 460 841 508 consumptum
875 460 944 492 est.
982 453 1082 491 Nam
1111 453 1238 492 malae
1267 452 1351 492 eius
1379 451 1655 497 conciderunt,

291 543 413 582 rugae
439 542 529 567 vero
554 528 594 565 in
616 525 875 565 altitudinem
900 525 1074 580 corporis
1098 524 1399 565 descenderunt.
1434 523 1551 574 Quod
1576 537 1656 562 non

293 608 349 640 est
372 599 667 654 philosophicae
690 597 998 637 conversationis
1018 596 1180 644 indicio,
1218 597 1322 635 sicut
1344 596 1468 636 videri
1503 595 1591 634 vult
1610 594 1658 634 ab

294 688 330 711 se
352 671 538 725 deceptis,
562 670 626 709 sed
663 670 835 708 iustitiae
864 684 936 723 pro
968 675 1073 708 certo
1103 668 1354 722 deorumque
1382 681 1545 722 poenae,
1580 682 1658 720 qua

293 743 515 798 percutitur
545 742 783 795 competenti
823 741 992 785 ratione,
1027 755 1154 795 usque
1191 739 1242 779 ad
1269 739 1533 779 novissimum
1559 738 1661 778 vitae

296 830 387 854 suae
409 815 530 853 [inem
552 828 728 867 asperam
752 819 789 852 et
811 827 989 851 amaram
1006 812 1128 851 vitam
1141 812 1274 852 vivens
1290 817 1328 850 ct
1350 811 1489 851 faciem
1512 810 1659 865 pallore

295 887 532 926 confectam.

958 1081 1005 1116 91

823 1154 881 1193 Ad
910 1154 1130 1194 Nisibenos.

356 1252 460 1291 Haec
477 1250 645 1305 epistula
676 1250 908 1288 Antiochiae
940 1250 1082 1304 scripta
1121 1249 1237 1289 fuisse
1259 1249 1433 1297 videtur,
1457 1263 1549 1289 cum
1587 1249 1666 1287 iam

304 1307 454 1346 bellum
476 1305 661 1343 adversus
684 1305 818 1343 Persas
843 1303 1018 1342 lulianus
1040 1304 1271 1358 pararet(cf.
1292 1319 1328 1344 v.
1352 1318 1396 1343 21
1426 1319 1484 1358 sq.
1506 1318 1514 1343 :
1533 1308 1664 1355 τῆς...

301 1362 465 1405 πόλεως
488 1364 538 1411 μὴ
566 1359 869 1410 ἐπιδήσεσθαι).

359 1474 585 1518 ὃοῑοῑηῡη.,
607 1471 653 1515 V,
675 1472 714 1518 3,
735 1472 756 1509 5
776 1485 783 1510 ε
805 1471 973 1522 Ἀμέλει
995 1486 1062 1508 τοι
1078 1472 1429 1523 προσδοκωμένων
1447 1474 1549 1509 τότε
1564 1473 1671 1522 Περ-

304 1532 384 1566 σῶν
406 1529 741 1576 ἐπιστρατεύειν,
758 1527 1113 1576 πρεσὸευομὲνοις
1123 1528 1223 1576 περὶ
1235 1529 1386 1563 τούτου
1407 1527 1667 1577 Νισιὸηνοῖς,

305 1584 363 1627 ὣς
384 1581 606 1625 παντελῶς
629 1580 964 1631 χριστιανὶζουσι
979 1582 1048 1616 καὶ
1069 1582 1174 1630 μήτε
1192 1583 1296 1625 τοὺς
1316 1583 1447 1626 ναοὺς
1461 1581 1673 1631 ἀνοίγουσι

309 1640 413 1687 μήτε
436 1637 501 1680 εἰς
521 1638 575 1671 τὰ
595 1637 687 1684 ἱερὰ
710 1637 925 1685 φοιτῶσιν,
949 1634 1152 1685 ἠπείλησε
1173 1633 1276 1686 (scil.
1301 1636 1321 1671 ὃ
1342 1634 1591 1686 Ἰουλιανὸς)
1619 1636 1668 1684 μὴ

309 1691 476 1741 βοηθεῖν
505 1692 608 1739 μήτε
642 1689 867 1737 πρεσὸεἱαν
909 1688 1121 1738 δέχεσθαι,
1159 1691 1227 1724 καὶ
1261 1689 1320 1733 ὥς
1346 1688 1561 1738 ἐναγοῦς
1592 1691 1674 1738 τῆς

310 1746 444 1780 αὐτῶν
467 1744 633 1787 πόλεως
660 1745 709 1793 μὴ
733 1742 1009 1791 ἐπιθήσεσθαι
1025 1744 1246 1791 πρότερον,
1280 1743 1326 1778 εἰ
1366 1744 1422 1792 μὴ
1461 1743 1672 1779 πύθοιτο

309 1800 386 1842 εἰς
424 1797 755 1847 “Ελληνισμὸν
793 1796 1184 1846 μεταὸαλόντας.

366 1909 577 1962 Ephraem.
596 1909 704 1961 Syr„
733 1908 863 1946 Sermo
874 1908 913 1946 II
928 1922 958 1945 e.
979 1907 1134 1953 Iulian„
1150 1907 1212 1947 ed.
1232 1907 1433 1947 Overbeck
1451 1908 1676 1961 (Ephraemi

312 1979 371 2017 op.
407 1961 741 2023 seleclc1‚()xonii,
774 1962 907 2022 1895),
934 1977 971 2015 p.
1011 1975 1051 2021 9?
1085 1965 1150 2009 21⁸,
1179 1961 1335 2001 nobisa
1371 1961 1424 2000 M.
1460 1963 1507 2001 A.
1546 1962 1677 2015 Kuge-

314 2032 384 2056 ner
406 2017 528 2055 latlne
548 2016 686 2054 transl.
713 2016 782 2069 (cf.
800 2015 960 2063 B1ckell‚
982 2014 1258 2070 Zeztschr.s11r
1275 2016 1429 2055 Kathol.
1455 2016 1600 2062 TheoL,
1623 2017 1674 2062 ll,

1706 818 1744 841 [Ο

1711 1302 1747 1337 15

1711 1647 1745 1671 2(

322 2070 435 2124 1878,
461 2085 500 2124 p.
526 2070 640 2123 3430:
672 2069 833 2108 Etenim
860 2069 1078 2108 hariolatus
1097 2075 1182 2108 erat
1209 2069 1310 2123 (scil.
1337 2069 1559 2123 Iulianus),
1584 2084 1678 2123 pro-
1743 2080 1747 2118 ξ

316 2125 492 2172 miserat,
519 2124 724 2177 scripserat
744 2123 1081 2176 nuntiaveratque
1100 2123 1214 2162 nobis
1234 2137 1273 2162 se
1288 2122 1585 2184 expeditionem
1601 2123 1678 2163 sac-

315 2186 456 2217 turum
469 2192 549 2217 esse
564 2184 602 2216 et
616 2177 689 2216 sibi
704 2177 925 2230 (nationes)
938 2176 1215 2225 subacturum,
1240 2177 1444 2216 Persidem
1455 2177 1679 2232 opprobriis

317 2247 354 2272 se
400 2232 655 2277 affecturum,
705 2231 916 2284 Singaram
963 2231 1118 2283 (autem
1159 2230 1312 2284 denuo)
1353 2230 1674 2277 aedificaturum.

317 2286 449 2325 Minae
489 2286 713 2324 litterarum
748 2285 832 2323 eius
867 2284 996 2336 (hunc
1031 2284 1183 2324 exitum
1220 2285 1495 2338 habuerunt):
1536 2284 1680 2324 Nisibis

317 2346 426 2393 capta
452 2346 509 2378 ost
529 2339 569 2377 in
592 2338 856 2392 expeditione.
885 2361 937 2367 —
961 2337 1021 2377 Cf.
1045 2337 1208 2387 Bickell,
1229 2339 1252 2377 l.
1273 2338 1317 2387 l.,
1340 2354 1379 2393 p.
1403 2339 1498 2388 345,
1521 2338 1615 2378 adn.
1641 2339 1678 2378 3.

369 2484 386 2519 1
410 2483 643 2528 inperitorum
663 2495 705 2515 ex:
725 2482 967 2528 inperatorum
995 2494 1081 2516 corr.
1115 2483 1147 2516 in
1174 2494 1240 2517 ras.
1274 2483 1345 2517 cod.
1369 2484 1384 2527 ᾗΙ
1406 2483 1428 2518 5
1456 2488 1684 2518 consumtum

322 2540 393 2570 cod.
432 2538 447 2581 {l
480 2536 524 2571 10
538 2549 578 2569 an
599 2536 724 2570 faciem
744 2542 785 2576 <
800 2535 1012 2576 Ιιεὼειιε>ἕὶ
