1715 2796
0 727 37 750 ΙΟ

0 1125 31 1158 [5

589 48 646 81 ΕΤ
676 48 823 82 LEGES
852 70 894 73 —
923 51 1032 96 89-90
1394 55 1458 100 117

146 147 164 167 «
202 131 287 170 Hoc
324 131 613 184 fragmentum,
659 132 772 170 cuius
818 132 1005 171 notitiam
1046 133 1236 173 Mauricio
1280 135 1467 190 Ilauptior

86 184 226 231 debeo,
247 186 395 238 suscepi
411 200 456 224 ex
478 185 668 224 Facundo
687 186 896 225 Hermian.
924 186 1020 240 [Pro
1044 187 1122 240 def.
1138 189 1194 227 ΙΙ]
1216 190 1367 243 capit.],
1384 190 1452 230 lx]

87 252 125 286 2,
152 245 181 276 t.
218 239 271 286 II,
297 253 336 292 p.
377 240 451 278 522
487 239 677 278 Sirmond
702 258 719 277 ³>
769 240 999 292 (Hercher).
1042 241 1176 280 Editio
1214 243 1452 283 Sirmondii.

83 306 209 345 quam
224 293 359 346 paucis
380 293 546 332 mutatis
580 293 714 346 §ligne
749 294 831 346 (PL
855 295 920 347 67,
962 294 1059 348 621)
1095 296 1266 349 repetiit,
1307 297 1453 336 nititur

82 345 214 385 codice
234 346 416 386 Parisino
439 348 558 394 2184,
582 363 612 386 s.
635 347 761 390 XVII,
796 348 866 401 qui
897 348 978 402 ipse
1002 364 1045 387 ex
1076 349 1206 389 codice
1228 351 1449 391 Veronensi

81 399 180 438 bibl.
203 400 320 454 capit.
359 401 464 447 LIII,
487 402 554 447 51,
580 416 609 440 s.
637 401 745 449 VIII,
771 401 990 456 descriptus
1008 410 1077 442 est.
1103 428 1147 433 —
1176 405 1448 446 veronensem

78 453 126 506 (s.
151 454 223 507 83)
245 454 505 494 contulimus.

132 567 300 607 Iulianus
323 569 420 608 enim
451 569 599 608 Christo
624 569 796 623 perfidus
820 569 1022 622 imperator
1051 571 1102 609 sie
1126 572 1288 610 photino
1313 573 1444 611 haere-

76 621 248 661 siarelzae
270 623 449 661 adversus
469 623 673 662 Diodorum
693 623 840 662 scribit:

130 711 192 750 Tu
212 711 394 765 quidem,
417 727 440 751 o
464 713 648 759 Photine,
669 713 893 752 verisimilis
908 713 1050 753 videris
1081 721 1119 753 et
1138 715 1345 768 proximus
1366 716 1421 755 sal

75 782 174 830 vari,
188 783 287 822 bene
299 783 444 823 faciens
453 798 710 838 nequaquam
723 784 765 822 in
781 790 894 823 utero
906 784 1092 824 inducere
1101 801 1223 840 quem
1238 786 1439 826 credidisti

73 855 209 894 deum.
235 855 433 895 Diodorus
453 862 605 903 autem,
628 855 812 894 Nazaraei
838 871 990 910 magus,
1016 857 1100 896 eius
1126 858 1439 911 pigmentalibus

72 926 282 980 manganis
304 942 447 966 acuens
468 927 880 968 inrationabilitatem.
906 935 1045 967 acutus
1063 930 1245 983 apparuit
1264 930 1437 984 sophista

71 998 274 1051 religionis
292 999 468 1053 agrestis.

124 1113 172 1151 Et
189 1121 274 1166 post
288 1113 482 1167 paululum
504 1128 512 1152 :

124 1204 272 1253 Quem,
311 1203 341 1241 si
375 1203 491 1243 nobis
523 1203 709 1257 opitulati
745 1203 895 1243 fuerint
929 1203 984 1242 dii
1019 1209 1056 1243 et
1091 1204 1185 1244 deae
1218 1210 1256 1244 et
1293 1205 1431 1245 Musae

69 1291 210 1316 omnes
245 1282 283 1315 et
314 1275 510 1322 Fortuna,
545 1275 801 1315 ostendemus
833 1276 1045 1314 infirmum
1080 1282 1117 1315 et
1153 1284 1427 1331 corruptorem

71 1349 205 1403 legum
231 1354 270 1388 et
290 1347 497 1387 rationum
518 1354 557 1387 et
582 1347 869 1401 mysteriorum
903 1362 1153 1402 paganorum
1188 1355 1226 1388 et
1257 1349 1426 1389 deorum

68 1421 323 1460 infernorum
355 1409 392 1459 et
428 1419 547 1458 illum
582 1434 733 1458 novum
769 1419 852 1459 eius
882 1419 1004 1458 deum
1039 1419 1277 1465 Galilaeum,
1302 1436 1424 1474 quem

67 1499 279 1532 aeternum
313 1491 491 1531 fabulose
521 1491 734 1545 praedicat,
773 1491 938 1544 indigna
975 1498 1102 1530 morte
1144 1498 1179 1530 et
1218 1492 1423 1545 sepultura

65 1563 317 1604 denudatum
340 1562 529 1602 confictae
553 1576 574 1601 a
598 1562 773 1602 Diodoro
795 1562 964 1602 deitatis.

120 1672 224 1712 Sicut
247 1677 370 1710 autem
391 1671 508 1710 solent
531 1677 698 1709 errantes
732 1670 885 1709 convicti
911 1671 1064 1725 fingere
1081 1671 1179 1723 quod
1198 1679 1278 1710 arte
1308 1673 1426 1726 magis

63 1741 174 1780 quam
195 1725 349 1765 veritate
369 1725 577 1769 vincantur,
603 1725 771 1778 sequitur
790 1724 937 1763 dicens:

117 1816 192 1855 Iste
215 1814 325 1855 enim
357 1813 464 1854 malo
501 1813 728 1853 communis
766 1813 953 1853 utilitatis
976 1814 1150 1853 Athenas
1174 1814 1364 1869 navigans
1385 1822 1421 1854 ct

62 1887 343 1941 philosophans
373 1885 635 1940 inprudenter
661 1885 909 1925 musicarum
937 1885 1193 1940 participatus
1223 1892 1280 1926 est
1303 1887 1423 1926 ratio-

61 1975 162 1999 num
182 1965 221 1999 et
250 1958 453 1998 rhetoricis
484 1958 797 1997 confectionibus
829 1957 1018 1997 odibilem
1049 1958 1217 1996 armavit
1237 1957 1419 2011 linguam

61 2032 246 2071 adversus
262 2029 442 2070 caelestes
462 2029 570 2077 deos,
587 2044 712 2084 usque
733 2030 828 2068 adeo
850 2029 1036 2083 ignorans
1050 2043 1299 2083 paganorum
1315 2045 1421 2084 mys-

59 2103 156 2143 teria
172 2115 417 2156 omnemque
438 2101 715 2141 miserabiliter
729 2101 942 2147 imbibens,
967 2107 1010 2140 ut
1027 2100 1158 2142 aiunt.
1174 2101 1417 2155 degenerum

106 2236 151 2272 10
184 2238 216 2270 in
247 2249 375 2281 mar9.:
412 2249 452 2270 ex
481 2234 609 2269 litteris
631 2234 755 2268 iuliani
785 2239 959 2280 apostatae
986 2236 1055 2267 cod.
1107 2237 1109 2240 '
1142 2234 1251 2274 10„ss
1286 2235 1418 2268 salvare

57 2292 142 2327 cod..
168 2303 255 2325 corr.
275 2292 446 2325 Neumann
467 2291 481 2333 ξξ
510 2288 555 2325 13
575 2300 766 2333 manganes
790 2289 878 2323 cod..
908 2300 993 2321 corr.
1023 2288 1193 2321 Neumann
1210 2292 1225 2330 Ιξ
1244 2288 1289 2324 16
1309 2301 1416 2334 quem

3 2334 5 2336 Ι
57 2344 85 2377 si
99 2345 191 2378 cod.:
214 2344 310 2391 quod
326 2344 353 2377 si
375 2344 528 2379 Sirmond
553 2344 568 2386 Η
592 2341 702 2383 16J17
719 2354 760 2375 an
793 2341 875 2375 deae
901 2353 1024 2374 omnes
1041 2346 1074 2374 et
1091 2341 1211 2375 Musae
1230 2342 1291 2375 et.³
1310 2342 1355 2376 cf.
1379 2355 1413 2388 p.

57 2397 116 2435 32.
139 2399 160 2433 ὓ
181 2403 215 2432 et
244 2398 324 2439 105,
350 2398 390 2432 15
414 2398 430 2442 Η
455 2396 498 2432 17
527 2395 746 2430 ostendimus
781 2397 869 2435 cod„
901 2407 988 2428 corr.
1020 2395 1134 2428 Paris.
1159 2395 1249 2434 2184
1271 2396 1286 2438 ᾗῇ
1309 2395 1354 2431 25
1375 2409 1416 2428 cm

6 2482 7 2487 ,
56 2450 281 2498 impudenter
315 2450 569 2497 mysticarum?
603 2449 752 2492 [3251126
784 2449 956 2482 rationem
989 2449 1075 2484 cod..
1098 2450 1301 2482 cor-reximus
1329 2450 1343 2491 Ιὲ
1368 2448 1414 2484 27

5 2507 8 2518 ²
55 2505 210 2539 caelestis
229 2507 300 2540 cod.
321 2503 336 2551 ΙΙ
356 2504 402 2541 28
423 2517 474 2550 sq.
494 2503 711 2550 degenerum
732 2507 786 2535 et:
809 2514 850 2535 an
870 2502 1104 2548 degenerem?
