1715 2796
493 86 550 120 ET
579 86 725 120 LEGES
753 107 797 112 —
826 87 932 122 53-55
1350 89 1389 121 ‹31

690 247 737 281 55

570 319 630 357 Ad
657 319 879 372 Cyzicenos

88 417 256 471 Aliquot
301 422 403 455 certe
444 429 597 454 menses
643 422 855 468 postquam
898 415 1078 455 Eleusius
1122 431 1213 456 cum
1260 419 1396 457 ceteris

35 471 224 526 episeopis
242 470 291 508 ab
313 469 428 509 exilio
458 469 646 508 revocatis
680 469 721 507 in
745 469 875 508 sedem
907 484 1020 508 suam
1045 485 1221 511 reversus
1242 479 1298 511 est
1323 473 1391 525 (cs.

34 541 74 580 p.
100 527 164 573 50,
189 538 212 578 9
235 539 250 563 s
286 530 348 563 ,εἰ
365 524 449 576 51),
467 523 561 562 haec
585 530 666 562 aeta
691 523 961 576 sunt,quibus
986 525 1193 564 narrandis
1214 526 1395 565 Sozome—

35 594 112 618 nus
131 539 335 632 depergita
356 577 533 631 quadam
557 576 700 615 Iuliani
720 577 767 615 ad
788 577 995 630 Cyzicenos
1014 579 1179 632 epistula
1203 594 1296 619 usus
1317 595 1396 619 csso

34 633 205 672 videtur.

89 734 316 780 Sozomen.,
341 733 391 780 V,
424 734 483 780 15,
512 735 561 776 A:
597 733 668 770 't-:v
695 737 828 784 τούτῳ
857 735 901 771 δὲ
935 734 1175 786 Κυζικηνῶν
1199 738 1399 786 πρεσὸευ-

37 791 221 839 σαμένων
254 791 362 838 πρὸς
393 788 567 829 βασιλέα
595 786 696 838 (scil.
723 790 794 824 τὸν
830 788 1072 840 Ἰουλιανὸν)
1107 793 1204 839 περὶ
1237 792 1397 827 οἰκείων

35 846 284 894 πραγμάτων
321 844 388 879 καὶ
416 845 497 892 τῆς
532 841 859 890 ἐπανορθώσεως
892 845 971 878 τῶν
995 843 1244 895 ζΕλληνικῶν
1273 848 1396 887 ναῶν,

37 899 268 941 ἐπαινέσας
292 898 450 940 αὐτοὺς
469 898 549 945 τῆς
579 898 676 944 περὶ
695 898 749 931 τὰ
769 897 861 945 ἱερὰ
889 900 1106 945 προνοίας,
1138 901 1279 935 πάντα
1298 913 1401 948 παρ-

37 954 161 1003 έσχεν
184 950 320 1000 ῶνπερ
341 950 532 1000 ἐδέησαν.
562 949 598 987 5.
632 950 709 985 Καὶ
727 949 942 986 Ἐλεύσιον
965 951 1009 987 δὲ
1033 954 1104 987 τὸν
1126 951 1223 1001 παρ’
1254 955 1401 997 αὐτοῖς

38 1006 267 1042 ἐπίσκοπον
289 1007 371 1054 τῆς
395 1003 559 1048 πόλεως
580 1001 738 1052 εἷρξεν,
772 1004 830 1048 ὧς
852 1004 1138 1055 λυμηνάμενον
1165 1010 1258 1050 τοῖς
1282 1011 1401 1051 ναοῖς

41 1062 218 1103 καὶτοῖς
237 1059 453 1107 τεμένεσιν
476 1058 749 1106 ἐνυὸρίσαντα
772 1060 839 1093 καὶ
871 1064 1156 1109 χηροτροφεῑα
1177 1074 1402 1096 κατασκευ-

39 1115 200 1150 άσαντα
225 1115 292 1149 καὶ
310 1112 584 1161 παρθενῶνας
605 1112 723 1160 ἱερῶν
754 1112 967 1160 παρθένων
995 1116 1306 1164 συστησάμενον
1336 1118 1403 1151 καὶ

38 1170 141 1211 τοὺς
161 1166 437 1217 “Ελληνιστὰς
456 1165 660 1201 πείθοντα
673 1167 751 1201 τῶν
765 1168 949 1215 πατρίων
965 1167 1146 1215 ἀμελεῖν.
1167 1166 1204 1206 6.
1223 1167 1402 1219 Ἀπηγὸ-

38 1235 162 1270 ρευσε
176 1221 221 1257 δὲ
242 1222 309 1256 καὶ
327 1223 422 1263 τοῖς
433 1222 505 1256 σὺν
523 1220 634 1268 αὐτῷ
659 1217 803 1264 ξένοις
821 1220 1089 1269 Χριστιανοῖς
1107 1225 1156 1272 μὴ
1171 1222 1399 1258 ἐπιὸαίνειν

45 1274 222 1324 Κυζίκῳ,
245 1275 381 1310 αἰτίαν
407 1274 623 1323 ἐπαγαγὼν
658 1274 715 1317 ὦς
740 1274 856 1317 εἰκὸς
886 1275 1043 1318 αὐτοὺς
1065 1278 1147 1325 τῆς
1177 1276 1402 1326 θρησκείας

41 1331 166 1365 ἕνεκα
192 1329 428 1374 στασιάσαι,
466 1328 770 1376 συναιρομένων
805 1329 954 1372 αὐτοῖς
1000 1332 1067 1364 καὶ
1100 1330 1402 1380 παραπλησίως

0 1402 3 1416 ·
39 1385 136 1432 περὶ
158 1384 206 1418 τὸ
228 1382 344 1418 θεῖον.
362 1383 623 1431 φρονούντων
647 1383 726 1417 τῶν
750 1382 831 1417 ἀπὸ
856 1385 936 1431 τῆς
953 1383 1116 1427 πόλεως
1146 1383 1399 1432 Χριστιανῶν

43 1439 110 1473 καὶ
130 1438 208 1472 τῶν
229 1436 433 1486 δημοσίων
459 1435 674 1484 ἐριουργῶν
700 1437 767 1471 καὶ
783 1437 863 1471 τῶν
889 1439 1090 1486 τεχνιτῶν
1113 1440 1185 1473 τοῦ
1203 1440 1401 1487 νομίσμα-

41 1503 130 1534 τος.
157 1502 193 1541 7.
216 1489 274 1526 Οἳ
289 1487 452 1539 πλῆθος
469 1490 592 1533 ὄντες
616 1491 683 1524 καὶ
702 1489 766 1532 εἷς
790 1489 861 1525 δύο
888 1492 1079 1540 τάγματα
1098 1490 1403 1540 πολυάνθρωπα

42 1544 344 1593 διακεκριμένοι
392 1543 438 1579 ἐκ
478 1544 802 1592 προστάγματος
836 1545 916 1579 τῶν
949 1546 1044 1592 πρὶν
1084 1545 1283 1584 βασιλέων
1319 1548 1403 1594 ἅμα

42 1595 209 1648 γυναιξὶ
236 1599 303 1633 καὶ
326 1597 500 1640 οἰκείοις
517 1597 597 1632 ἀνὰ
619 1600 695 1647 τὴν
726 1596 905 1638 Κύζικον
931 1597 1146 1647 διέτριὸον,
1166 1599 1292 1643 ἐτους
1309 1599 1403 1635 ἐκά-

0 1668 4 1686 ι
43 1665 142 1688 στου
173 1653 303 1701 ῥητὴν
336 1651 551 1700 ἀποφορὰν
593 1653 649 1700 τῷ
691 1650 870 1701 δημοσίῳ
910 1652 1222 1698 κατατιθέντες,
1260 1654 1299 1688 οἱ
1330 1654 1400 1702 μὲν

43 1706 348 1754 στρατιωτικῶν
382 1704 613 1755 χλαμύδων,
657 1705 696 1740 οἱ
733 1704 778 1740 δὲ
813 1707 1014 1755 νεουργῶν
1052 1709 1327 1755 νομισμάτων.
1361 1706 1399 1744 S.

42 1758 166 1795 Ἐπεὶ
188 1760 263 1808 γὰρ
296 1757 343 1794 ἐκ
368 1760 532 1802 παντὸς
570 1760 725 1806 τρόπου
758 1758 927 1795 δέδοκτο
960 1760 1070 1809 αὐτῷ
1094 1763 1299 1810 συστῆσαι
1329 1763 1400 1796 τὸν

43 1811 330 1863 “Ελληνισμόν,
359 1811 582 1853 βιάζεσθαι
605 1813 674 1861 μὲν
703 1812 727 1862 ἢ
753 1813 1021 1861 τιμωρεῖσθαι
1043 1816 1145 1858 τοὺς
1166 1814 1323 1864 δήμους
1351 1818 1399 1864 μὴ

45 1866 270 1910 ἐθέλοντας
291 1866 404 1902 θύειν
427 1865 626 1910 ἆθουλίας
655 1868 860 1916 νενόμικε·
889 1867 1018 1919 σχολῇ
1039 1869 1113 1917 γὰρ
1132 1869 1179 1904 ἂν
1201 1871 1401 1905 τοσοῦτον

0 1934 8 1957 ι
47 1919 136 1956 καθ’
156 1920 336 1970 ἑκάστην
353 1919 473 1956 πόλιν
496 1921 536 1955 οἱ
555 1920 762 1970 ἄρχοντες
781 1922 852 1956 τὸν
885 1921 1052 1970 ἀριθμὸν
1081 1924 1200 1970 μόνον
1224 1923 1405 1972 ἀπεγρά-

47 1980 197 2025 ψαντο.
213 1973 275 2009 Οὔ
301 1975 376 2024 μὴν
400 1974 496 2010 οὐδὲ
514 1975 698 2010 συνιέναι
717 1976 904 2010 καὶκατὰ
924 1976 1084 2025 γνώμην
1107 1976 1306 2026 εὔχεσθαι
1325 1976 1405 2012 διε-

48 2026 214 2063 κώλυεν·
255 2027 346 2079 ᾔδει
380 2029 454 2077 γὰρ
496 2027 553 2071 ὥς
586 2028 660 2063 οὐκ
699 2027 853 2079 ἀνάγκῃ
891 2030 997 2064 ποτὲ
1038 2030 1314 2080 κατορθωθείη
1352 2032 1406 2065 τὰ

45 2082 329 2130 προαιρέσεως
355 2081 552 2125 ἑκουσίας
590 2081 655 2125 εἷς
688 2083 884 2118 σύστασιν
925 2082 1113 2132 δεόμενα.
1151 2096 1189 2133 9.
1226 2083 1339 2127 Τοὺς
1361 2084 1405 2119 δὲ

49 2133 266 2184 κληρικοὺς
307 2137 374 2170 καὶ
407 2137 510 2178 τοὺς
546 2137 820 2183 προεστῶτας
858 2137 938 2171 τῶν
971 2135 1194 2187 ἐκκλησιῶν
1227 2137 1405 2173 ἀπελαύ-

0 2191 8 2225 i
47 2202 131 2224 νειν
150 2190 230 2224 τῶν
247 2187 408 2224 πόλεων
430 2188 623 2224 ἐ’σπευδε·
647 2191 694 2224 τὸ
723 2190 793 2237 μὲν
821 2188 975 2239 ἀληθὲς
996 2191 1145 2230 εἰπεῖν.
1173 2193 1224 2241 τῇ
1246 2193 1402 2227 τούτων

48 2242 229 2291 ἀπουσίᾳ
248 2244 644 2292 πραγματευόμενος
665 2242 852 2279 διαλῦσαι
866 2245 946 2278 τῶν
965 2242 1071 2280 λαῶν
1087 2246 1167 2288 τὰς
1188 2245 1401 2288 συνόδους,

47 2296 153 2332 ὥστε
186 2297 290 2345 μήτε
325 2298 427 2340 τοὺς
462 2295 821 2346 ἐκκλησιάζοντας
862 2299 966 2346 μήτε
1001 2300 1103 2342 τοὺς
1135 2298 1406 2342 διδάσκοντας

95 2437 198 2482 isssq.
220 2438 265 2471 cf.
291 2437 421 2470 Socrat.
442 2436 491 2470 III
517 2449 572 2478 11,
593 2438 637 2480 33
660 2437 841 2472 Sozomen.
864 2438 910 2470 IV
931 2451 986 2479 αι,
1012 2452 1046 2481 13
1068 2439 1096 2472 V
1120 2440 1153 2477 5,
1178 2451 1232 2476 10,
1251 2446 1285 2474 et
1302 2453 1405 2486 supra

45 2503 79 2535 p.
110 2490 155 2524 50
179 2491 193 2534 {l
225 2490 270 2526 19
299 2490 476 2524 στασιάσαι
502 2491 630 2533 codd.;
664 2492 851 2525 στασιάσειν
882 2491 1013 2534 Yalois,
1041 2494 1340 2538 quemadmodum
1373 2500 1408 2527 et

44 2542 261 2589 Nicephorus
292 2543 467 2590 Xanthop.
499 2544 670 2579 intellexit
700 2547 713 2588 {2
746 2545 789 2581 29
808 2550 966 2579 ’.σποῦ-,ου
990 2546 1113 2579 codd:
1145 2548 1272 2580 τοᾷ-,κη
1292 2547 1409 2580 Valois
