1715 2796
572 74 630 108 ET
657 76 805 112 LEGES
836 101 873 103 -
908 92 948 125 79,
1402 88 1444 123 85

678 213 760 253 Col.
788 215 837 254 11.

74 300 190 345 ὅπως
219 303 270 351 μὴ
302 301 371 338 διὰ
399 305 446 338 τὸ
478 306 558 353 τῆς
589 308 724 356 χαρᾶς
758 309 838 358 τῆς
869 309 1030 348 ἑαυτῶν
1062 313 1236 363 δήλωσιν
1270 319 1446 368 ποιήσα-

75 371 171 408 σθαι
192 372 339 424 ἱκανὴν
371 373 438 411 ἐπ’
467 375 561 425 ἐμοὶ
585 378 840 427 παρελθόντι
862 380 935 419 ἐπὶ
969 386 1046 435 τὴν
1074 386 1207 438 ἀρχὴν
1239 388 1444 426 εἷστελεῖν

75 443 286 483 βιασθεῖεν
310 445 439 496 μείζω
460 448 484 497 ἢ
511 448 726 487 δύνανται·
743 452 839 489 ὅθεν
864 468 931 503 μοι
950 458 1138 509 παρέστη
1166 461 1213 496 τὸ
1236 459 1446 513 βούλευμα

73 518 213 563 τοῦτο,
242 517 338 554 οὐδὲ
370 519 597 557 ἀποδέοντι
624 524 972 575 παραδειγμάτων
1005 528 1048 565 ἐν
1075 528 1144 575 οἳς
1169 530 1377 581 Τραϊανόν
1395 547 1443 572 τε

74 589 142 624 καὶ
166 587 353 638 Μάρκον,
372 594 477 636 τοὺς
492 591 675 643 ἐμαυτοῦ
697 599 944 647 προγόνους,
969 601 1284 652 αὐτοκράτορας
1304 605 1350 642 δὲ
1372 609 1443 657 μά-

71 659 194 697 λιστα
216 661 263 712 δὴ
287 662 498 713 Θαυμάσαι
514 662 666 711 ἀξίους
684 671 1004 720 γεγενημένους,
1026 676 1238 724 μιμεῖσθαι
1252 676 1438 727 ἔμελλον,

71 729 125 768 ὣν
163 735 232 769 καὶ
264 736 373 783 πρὸς
408 734 539 773 τᾶλλα
575 741 651 789 τὴν
689 743 931 790 προαίρεσιν
969 743 1125 796 ζηλοῦν
1157 747 1240 798 ἐγὼ
1277 752 1439 801 γνώμην

69 807 283 855 ποιοῦμαι·
309 806 380 852 ὥς,
413 808 456 844 εἴ
483 822 529 859 γε
565 813 615 861 μὴ
642 814 690 847 τὸ
725 815 805 862 τῆς
833 818 949 864 παρὰ
981 819 1084 863 τοὺς
1116 823 1286 868 καιροὺς
1318 822 1441 873 δημο-

69 877 167 922 σίας
187 877 368 927 ἀπορίας
389 879 578 930 ἐμποδὼν
603 881 669 932 ἦν,
691 884 795 921 πολὺ
822 886 872 922 ἂν
896 891 1192 940 φανερωτέραν
1213 895 1290 943 τὴν
1315 894 1440 945 ἐμαυ-

69 951 143 985 τοῦ
183 950 496 1003 μεγαλοψυχίαν
529 953 889 1007 ἐπιδεικνύμενος,
925 960 1010 997 οὐδ’
1041 962 1089 997 ἂν
1119 963 1340 1016 ἐμέλλησα,
1371 970 1440 1003 καὶ

69 1021 110 1057 εἴ
142 1034 185 1057 τι
219 1021 266 1058 ἐκ
302 1026 376 1060 τοῦ
409 1024 697 1074 παρελθόντος
731 1032 881 1080 χρόνου
919 1031 965 1068 ἐκ
1002 1036 1082 1083 τῆς
1112 1040 1437 1086 τοιουτοτρόπου

69 1093 315 1140 συντελείας
337 1098 480 1133 κατιὸν
504 1097 723 1149 ὠφείλετο,
747 1104 815 1138 καὶ
838 1103 974 1141 ὁπόσα
995 1108 1103 1155 πρὸς
1124 1111 1200 1158 τὴν
1230 1108 1439 1160 Καίσαρος

66 1170 345 1218 προσηγορίαν
366 1168 439 1205 ἐπὶ
458 1172 506 1206 τὸ
530 1172 612 1207 τῶν
635 1175 855 1224 στεφάνων
881 1177 1012 1227 ὄνομα
1036 1178 1309 1231 ἐψηφισμένα
1333 1185 1437 1233 πρό-

66 1251 187 1287 τερον
211 1241 279 1275 καὶ
307 1239 373 1276 ἔτι
397 1243 753 1294 ψηφισθησόμενα
787 1250 895 1283 κατὰ
925 1252 1001 1300 τὴν
1031 1252 1162 1302 αὐτὴν
1196 1254 1334 1290 αἰτίαν
1357 1256 1436 1293 ὑπὸ

66 1292 147 1346 ταῶν
166 1310 328 1348 πόλεων
353 1313 436 1363 εἴη,
469 1316 537 1350 καὶ
569 1318 920 1360 ταῦταχᾶνεῑναι,
954 1320 1080 1359 Ἀλλὰ
1110 1327 1246 1361 ταῦτα
1268 1327 1340 1376 μὲν
1366 1329 1439 1364 οὐκ

66 1382 206 1432 οἴομαι
227 1382 280 1420 δι’
300 1384 326 1420 ἃ
347 1381 487 1434 μικρὸν
509 1386 742 1436 ἔμπροσθεν
768 1389 906 1427 εἷπον·
935 1396 1072 1431 ταῦτα
1105 1396 1150 1432 δὲ
1176 1399 1281 1446 μόνα
1304 1400 1440 1435 εἷστε-

64 1453 200 1491 λέσειν
222 1458 303 1500 τὰς
325 1457 487 1503 πόλεις,
516 1459 573 1503 ὥς
594 1459 640 1496 ἐκ
662 1462 743 1496 τῶν
768 1465 988 1511 παρόντων
1012 1467 1105 1515 ὃρῶ,
1131 1468 1369 1518 δυναμένας
1389 1473 1435 1507 οὔ

63 1527 276 1576 παρεῖδον.

118 1599 276 1649 Διόπερ
289 1601 474 1638 ἴστωσαν
497 1604 687 1649 ἅπαντες
708 1605 753 1642 ἐν
778 1611 876 1652 ταῖς
898 1608 1070 1646 πόλεσιν
1109 1613 1311 1659 άπάσαις,
1337 1619 1435 1659 ταῖς

62 1684 110 1708 τε
148 1671 238 1708 κατ’
273 1671 453 1710 Ἰταλίαν
489 1678 557 1711 καὶ
585 1680 683 1721 ταῖς
713 1678 757 1714 ἐν
792 1683 885 1724 τοῖς
906 1680 1048 1726 ἄλλοις
1073 1683 1250 1727 ἔθνεσιν,
1277 1689 1344 1722 καὶ
1364 1687 1435 1723 ἐπὶ

109 1827 135 1864 2
152 1827 248 1863 ὅπωσ
267 1829 368 1863 edd.:
393 1831 498 1876 ο[..]σ
517 1844 596 1879 pap.
620 1835 634 1877 Η
657 1835 802 1877 δήλωσιν
819 1837 897 1870 edd.
914 1851 920 1869 :
943 1839 1123 1882 ὄηλώτωπε
1140 1853 1220 1887 pap.
1243 1844 1257 1886 Η
1278 1842 1300 1878 3
1319 1844 1430 1885 ἱκανὴν

39 1881 321 1923 ,ΨίΙαΠιοννίῐΖῑ
343 1884 500 1930 ε.[.]ννην
520 1898 599 1932 pap.
623 1888 638 1931 Η
659 1886 815 1924 εἷο-τελεῖν
834 1891 913 1924 edd.
933 1905 938 1923 :
960 1893 1122 1938 ss}‡‡7:[.]w
1144 1907 1223 1941 pap.
1244 1896 1259 1940 Η
1279 1897 1300 1932 5
1322 1909 1431 1943 παρα-

62 1935 233 1983 διγμοὶτων
250 1949 332 1983 pap.
354 1938 370 1983 Η
392 1939 414 1975 6
433 1952 661 1987 αυτοκρατορα
680 1955 778 1989 pap.,
795 1957 884 1978 corr.
906 1946 984 1979 edd.
1009 1948 1023 1990 Η
1043 1947 1106 1989 617
1129 1948 1296 1995 μάλλιοτα
1313 1963 1394 1998 pap.
1414 1954 1428 1995 Η

61 1990 82 2026 7
97 1991 284 2037 ομειμεισθε
300 2003 380 2038 pap.
391 2004 498 2033 ,corr⁸
515 1994 594 2029 edd.
612 1997 627 2041 Η
641 1996 663 2033 8
674 1989 784 2031 τᾶλλα
800 1998 857 2042 τὴν
873 2000 1129 2035 Wilamowitz:
1147 2004 1339 2051 τοαλλαγην
1348 2018 1428 2052 pap.

64 2043 79 2088 Η
101 2044 223 2089 ζηλοῦν
248 2045 446 2080 Bficheler:
477 2060 593 2092 τηνᾳυν
619 2063 699 2097 pap.
727 2052 741 2096 Η
765 2052 786 2088 9
811 2053 885 2093 τοὺς
909 2054 1042 2099 καιροὺς
1065 2055 1254 2091 VVilcken:
1281 2072 1426 2094 :0051an

61 2110 140 2132 τουσ
151 2111 229 2145 pap.
247 2112 255 2141 3
270 2099 315 2132 cf.
337 2112 370 2145 p.
388 2099 448 2142 88,
462 2100 482 2134 3
498 2114 549 2148 sq.
569 2104 584 2148 Η
602 2103 690 2146 9110
703 2107 1314 2156 ὃν,μοσιουσαπορε’.ατενττοδωνηπολυ
1331 2126 1428 2161 pap.‚

0 2173 6 2179 -
61 2163 149 2186 corr.
178 2153 258 2186 edd.
283 2154 298 2198 Η
321 2154 364 2190 11
393 2155 963 2208 μεγαλουψυχιανεπιδικ[.]υμενοσ,
991 2175 1031 2197 03
1058 2176 1098 2197 ex
1119 2178 1155 2199 ου
1178 2178 1285 2207 corr.y
1306 2180 1385 2215 pap.
1412 2170 1427 2213 Η

62 2205 106 2242 12
126 2207 351 2253 παρελθοντεσ
372 2230 415 2233 -
437 2222 718 2257 τοιουτοτροπουσ
738 2226 835 2260 pap.‚
859 2228 946 2249 corr.
971 2217 1050 2250 edd.
1079 2219 1094 2263 Η
1118 2219 1162 2256 13
1186 2221 1427 2266 ωφιλετοκαιο-

60 2272 158 2294 πωοα
189 2272 269 2307 pap.
307 2262 323 2306 Η
360 2262 406 2297 14
432 2262 483 2297 ἐπὶ
515 2270 564 2311 τῷ
590 2270 655 2301 τῶν
692 2269 865 2314 στεφάνων
897 2268 1033 2315 ὀνόματι
1068 2273 1146 2307 edd.
1179 2276 1194 2318 Η
1226 2276 1428 2322 εψηφισμεα

58 2325 138 2360 pap.
161 2314 176 2359 Η
197 2314 241 2351 15
256 2316 560 2363 εψηυισθηοομεθα,
581 2320 616 2353 0²
637 2332 655 2353 e
675 2333 764 2355 corr.
782 2322 796 2355 ἱ)
813 2335 910 2369 pap„
933 2335 1021 2358 corr.
1045 2327 1124 2360 edd.
1145 2328 1160 2372 Η
1178 2328 1221 2364 17
1242 2342 1428 2376 μεικρονεν-

59 2369 199 2414 προσθεν
222 2381 302 2415 pap.
329 2370 345 2415 Η
374 2370 486 2413 17118
510 2371 703 2409 εἷο-τελέσειν
729 2375 924 2411 Bficheler:
953 2376 1165 2426 ἐπαναφέρειν
1191 2382 1427 2418 Wilamowitz

0 2452 1 2460 ,
58 2434 289 2478 ετςαγᾳρρᾳοιν
309 2425 364 2458 vel
382 2436 438 2470 εστ
450 2452 555 2460 .......
580 2441 613 2461 αν.
632 2440 713 2475 pap.
730 2430 746 2474 Η
762 2429 806 2465 18
820 2432 920 2465 πολισ
937 2444 1017 2478 pap.
1035 2434 1050 2478 Η
1064 2436 1313 2483 ωρωδυναμενα
1328 2450 1425 2484 pap..

0 2476 1 2516 Ϊ
59 2492 148 2515 corr.
174 2482 253 2517 edd.
276 2485 291 2529 Η
315 2484 362 2521 20
386 2498 688 2535 απανταισεμνταισ
715 2501 812 2536 pap„
842 2503 930 2525 corr.
958 2492 1037 2526 edd.
1065 2495 1079 2538 Η
1104 2495 1147 2531 21
1176 2497 1424 2543 ειταλειανχα[,]

57 2546 137 2581 pap.
163 2537 178 2581 Η
201 2549 244 2570 an
267 2543 307 2578 <
324 2538 364 2572 τὰ
380 2546 421 2577 >
443 2542 496 2574 καὶ
518 2540 595 2575 ἐπὶ.)
