1747 2796
268 85 310 108 ρο
791 73 817 106 l.
849 70 1108 105 EPISTL‘LAE

267 162 421 209 panteS,
463 161 507 193 ut
543 154 724 208 princeps
773 154 855 207 ipse
907 152 1184 199 delectaretur,
1227 152 1385 192 inrisive
1419 170 1436 189 «
1463 152 1633 192 Victori-

268 224 369 248 num
397 226 414 244 »
441 209 527 248 ideo
550 208 831 255 nominabant,
857 205 967 260 quod
991 206 1210 246 verecunde
1247 205 1419 246 reserens
1448 206 1635 260 quotiens

267 265 496 318 imperaret,
523 268 724 316 superatos
758 261 958 300 indicabat
991 274 1103 314 saepe
1139 262 1362 300 Germanos
1396 261 1462 313 (cl.
1497 275 1536 314 p.
1567 274 1631 307 21,

269 318 311 356 31
341 318 436 369 sq.)
782 318 786 319 ⁷

941 390 959 412 C

323 449 438 494 lbtd„
463 447 590 495 mil,
618 448 656 494 3,
693 448 714 486 Ξ)
739 462 746 486 ;
787 446 920 485 Nihilo
944 446 1080 485 minus
1104 452 1239 486 tamen
1260 445 1331 484 diu
1348 452 1481 500 postea
1505 445 1635 485 indic-

272 502 419 541 tionale
440 508 709 554 augmentum
733 500 915 540 oblatum
940 500 1011 538 sibi
1044 514 1115 539 nec
1139 499 1303 539 recitare
1323 514 1395 539 nec
1418 502 1636 539 subnotare

272 570 491 610 perpessus,
518 554 633 593 humi
657 554 820 608 proiecit
855 554 952 606 (scil.
983 553 1198 607 Iulianus),
1221 553 1445 608 litterisque
1465 554 1637 608 Augusti

272 610 451 648 monitus
466 623 511 648 ex
529 608 722 648 relatione
739 607 923 662 praesecti
943 622 1023 647 non
1045 622 1159 662 agere
1179 608 1235 647 ita
1252 607 1451 662 perplexe,
1471 613 1518 646 ut
1533 607 1638 647 vide-

276 670 384 703 retur
415 677 556 717 parum
595 662 798 701 Florentio
833 661 954 709 credi,
990 661 1188 715 rescripsit
1216 664 1462 715 gratandum
1498 676 1579 701 esse
1608 662 1638 700 si

274 717 543 771 provincialis.
581 716 673 755 hinc
705 716 798 755 inde
830 722 1016 759 vastatus,
1047 716 1187 755 saltem
1211 715 1420 755 sollemnia
1438 715 1637 769 praebeat,

274 772 428 810 nedum
454 771 715 818 incrementa,
749 785 853 823 quae
889 769 998 808 nulla
1021 769 1212 823 supplicia
1235 769 1369 822 egenis
1392 776 1549 823 possent
1571 770 1641 809 ho-

276 826 457 864 minibus
478 832 725 878 extorquere.

942 895 967 934 d

332 969 444 1011 lbi‹{.,
471 968 595 1013 xx‘ll,
626 982 685 1013 11,
720 982 727 1004 ι
752 981 759 1005 ;
788 967 892 1006 Haec
912 982 1002 1006 cum
1027 967 1067 1005 in
1088 967 1280 1006 comitatu
1306 967 1530 1006 Constantii
1552 966 1643 1006 sub-

277 1022 368 1061 inde
390 1028 646 1061 noscerentur
666 1022 768 1072 (erat
803 1021 912 1060 enim
935 1035 1102 1068 necesse,
1127 1027 1335 1074 tamquam
1357 1020 1641 1076 apparitorem,

278 1077 485 1115 Caesarem
507 1090 624 1128 super
647 1075 835 1114 omnibus
850 1075 966 1128 gestis
982 1074 1030 1112 ad
1047 1074 1215 1128 Augusti
1236 1074 1380 1114 referre
1401 1075 1642 1128 scientiam),

278 1144 418 1169 omnes
450 1130 517 1183 qui
557 1128 645 1182 plus
687 1134 871 1182 poterant
906 1129 945 1166 in
985 1129 1149 1182 palatio,
1189 1127 1381 1167 adulandi
1405 1129 1644 1183 professores

278 1184 359 1222 iam
378 1184 496 1225 docti,
532 1190 634 1222 recte
663 1182 841 1221 consulta
873 1197 1138 1236 prospereque
1161 1182 1341 1236 conpleta
1374 1183 1579 1221 vertebant
1602 1183 1644 1221 in

279 1237 549 1276 deridiculum
574 1237 640 1288 (cs.
668 1252 704 1289 p.
737 1250 800 1282 21,
825 1237 867 1275 31
901 1237 993 1290 sq.)

944 1390 990 1426 16

418 1458 475 1495 Ad
509 1457 755 1495 Florentium
784 1458 1026 1510 praesectum
1052 1457 1248 1511 praetorio
1271 1457 1509 1497 Galliarum.

337 1546 546 1585 Ammianss
571 1546 709 1593 Marc„
734 1546 819 1586 XX.
845 1550 883 1593 ά,
907 1547 955 1586 6:
986 1547 1174 1586 Caesar...
1204 1547 1331 1586 redire
1351 1547 1400 1586 ad
1420 1561 1459 1587 se
1479 1549 1632 1602 praefec

286 1609 372 1640 tum
399 1601 578 1639 hortatus
601 1606 673 1647 est,
709 1600 808 1639 olim
841 1601 1044 1640 Viennam
1076 1600 1201 1655 specie
1235 1614 1418 1640 annonae
1454 1602 1650 1655 parandae

285 1655 523 1708 digressum,
548 1661 593 1692 ut
613 1668 651 1693 se
675 1654 840 1692 militari
862 1654 1052 1694 eximeret
1075 1655 1240 1693 turba...
1266 1654 1305 1694 8.
1338 1655 1417 1704 Qui
1450 1669 1544 1694 cum
1568 1671 1651 1696 sus-

285 1709 450 1762 cepisset
467 1708 641 1747 Caesaris
661 1707 811 1746 litteras
836 1708 1036 1747 monentis
1050 1708 1300 1762 petentisque
1319 1715 1366 1747 ut
1389 1708 1523 1748 venire
1539 1709 1651 1750 adce-

287 1763 428 1802 leraret
471 1776 555 1800 rem
607 1761 809 1815 publicam
853 1761 1027 1801 consiliis
1070 1764 1294 1809 iuvaturus,
1341 1762 1651 1803 obstinatissime

286 1816 529 1855 detrectabat
557 1815 628 1854 hac
656 1815 811 1855 ratione
834 1829 975 1869 pavore
1007 1822 1141 1855 mente
1168 1816 1353 1864 confusa,
1381 1816 1489 1869 quod
1518 1824 1652 1871 aperte

288 1869 431 1923 scripta
458 1868 738 1922 significabant
773 1869 821 1908 ab
846 1870 1085 1922 imperatore
1108 1884 1306 1924 nusquam
1331 1869 1486 1924 diiungi
1511 1870 1652 1911 debere

288 1922 531 1977 praefectum
558 1922 601 1961 in
637 1922 775 1962 ardore
812 1923 1056 1963 terribilium
1091 1938 1243 1962 rerum.
1270 1923 1564 1978 Adiectumque
1595 1931 1654 1965 est

290 1977 414 2031 quod,
434 1976 464 2015 si
486 1990 697 2030 procurare
710 1978 755 2029 (l.
780 1991 1008 2030 procursare
1026 1978 1059 2030 P)
1078 1976 1378 2024 dissimulasset,
1395 1977 1477 2032 ipse
1495 1979 1652 2040 propria

291 2037 429 2084 sponte
450 2030 655 2083 proiiceret
690 2030 859 2084 insignia
880 2030 1146 2085 principatus,
1171 2031 1392 2084 gloriosum
1422 2045 1501 2072 esse
1517 2032 1652 2072 ex1sti—

293 2098 408 2123 mans
422 2084 527 2122 iussa
545 2091 672 2123 morte
686 2085 730 2136 (l.
753 2084 902 2123 iussam
918 2090 1089 2124 mortem
1104 2085 1138 2137 p)
1156 2091 1355 2138 oppetere,
1371 2099 1494 2139 quam
1511 2085 1544 2125 ei
1563 2100 1654 2140 pro-

293 2138 514 2176 vinciarum
536 2137 746 2176 interitum
771 2138 972 2190 adsignari
997 2138 1063 2189 (cf.
1092 2137 1257 2185 Iuliam,
1286 2138 1360 2178 283
1385 2139 1450 2192 A).

944 2292 1000 2327 '17

687 2359 745 2397 Ad
776 2359 1057 2398 Constantium
1081 2359 1134 2412 [a.
1158 2358 1267 2413 360}

967 2462 985 2486 a

354 2517 516 2566 lulian.‚
556 2519 675 2571 Epist.
716 2519 764 2557 ad
796 2521 954 2566 Athen„
989 2519 1064 2559 283
1087 2519 1122 2558 D
1152 2533 1160 2559 2
1202 2521 1367 2573 Γράψαι
1404 2535 1452 2571 με
1485 2522 1657 2560 ἔπεισαν

1682 677 1724 701 10

1686 971 1726 1006 15

1687 1251 1731 1274 20

1689 1663 1733 1699 25

1690 1932 1737 1967 30

1695 2289 1740 2324 35
