1747 2796
308 79 374 112 22ss
814 76 877 109 111.
908 75 1152 108 POEMATJA

305 167 449 201 sunt...
472 160 660 214 quodque
690 173 915 212 numquam
936 158 1139 210 augendae
1162 158 1350 211 pecuniae
1369 159 1537 213 cupidus
1570 160 1664 207 suit,

304 230 428 269 quam
463 215 617 253 cautius
652 212 757 266 apud
792 212 976 250 dominos
1018 212 1161 250 servari
1203 212 1469 261 existimabat,
1513 213 1554 252 id
1592 214 1664 252 ali-

303 269 488 323 quotiens
530 267 774 322 praedicans,
809 266 1137 304 Alexandrum
1181 266 1426 319 Magnum,
1460 267 1541 305 ubi
1581 267 1663 306 ha-

303 323 435 362 beret
485 322 735 361 thesauros
784 319 1164 372 interrogatum,
1214 336 1232 356 «
1264 321 1388 373 apud
1436 321 1611 360 amicos
1642 342 1658 356 »

303 376 525 416 benivole
559 373 880 428 respondisse.
938 426 941 427 γ

357 430 467 473 laid„
495 432 534 475 (3,
566 442 611 467 10
633 442 639 467 :
668 428 748 466 Hos
769 434 903 466 autem
929 427 1142 465 Saracenos
1165 426 1254 465 ideo
1273 426 1525 480 patiebamur
1543 428 1662 468 infes-

302 491 376 531 tos,
415 483 522 536 quod
555 481 693 520 salaria
727 495 975 541 muneraque
1008 480 1182 533 plurima
1219 495 1240 518 a
1280 481 1436 520 Iuliano
1468 481 1518 520 ad
1551 482 1662 521 simi·-

301 537 516 576 litudinem
541 535 742 589 praeteriti
766 542 954 587 temporls
975 548 1147 588 acmpere
1170 534 1297 582 vetiti,
1319 535 1530 589 questique
1553 536 1660 589 apud

300 606 409 630 eum.
448 590 603 629 solum
647 589 856 627 audierant
904 587 1247 641 imperatorem
1292 588 1579 627 bellicosum
1615 595 1659 628 et

300 645 583 696 vigilantem
623 643 804 681 ferrum
842 641 1034 688 habere,
1074 656 1166 680 non
1206 656 1397 682 aurum.

354 780 389 815 6.
412 775 567 821 Liban„
592 774 698 813 Orat.
720 773 866 819 XVIII,
891 773 986 825 296:
1010 774 1136 810 Ἀλλὰ
1156 778 1229 824 γὰρ
1246 775 1455 824 ἐννοήσας
1473 777 1549 824 τὴν
1568 775 1658 812 ἐπι-

296 835 461 880 τίμησιν
486 830 507 881 ἦ
530 832 610 865 τῶν
637 830 679 865 ἐν
714 830 764 880 τῇ
797 830 926 879 σκηνῇ
968 828 1226 876 δακρυόντων
1270 829 1489 880 καθήψατο
1510 827 1610 879 (scil.
1635 831 1656 865 ὃ

293 884 553 935 Ἰουλιανός),
583 886 649 919 καὶ
669 886 739 918 νῦν
763 884 888 918 αὐτὸν
910 883 1088 931 ἡγοῦμαι
1110 883 1185 931 τὴν
1209 882 1252 917 ἐν
1277 885 1333 932 τῷ
1357 882 1491 932 θρήνῳ
1514 882 1658 932 μερίδα

295 943 368 974 τοῦ
391 939 510 987 λόγου
536 937 788 987 μέμψασθαι.

350 1072 384 1106 7.
415 1067 525 1113 Ibi‹l.,
547 1066 634 1111 XV,
653 1067 724 1109 54:
746 1066 1058 1115 Ἀναμνήσθητι
1074 1069 1147 1101 τοῦ
1165 1069 1319 1102 σαυτοῦ
1337 1064 1439 1117 (scil.
1458 1070 1532 1102 τοῦ
1554 1066 1654 1103 Ἰου-

292 1122 454 1173 λιανοῦ)
476 1124 601 1171 νόμου
626 1124 699 1156 τοῦ
723 1123 821 1168 περὶ
851 1122 931 1155 τῶν
964 1119 1246 1170 ψευδομένων·
1280 1120 1333 1155 ἂν
1375 1118 1649 1172 ψεζύσηται,

294 1180 434 1226 φησίν,
464 1173 599 1219 ἅπαξ,
630 1177 721 1210 τῶν
757 1174 869 1223 ἐμοί
902 1186 985 1217 τις
1018 1173 1352 1222 ὁμιλούντων,
1389 1175 1532 1210 οἴσω·
1563 1175 1650 1210 κᾶν

292 1230 530 1278 δεύτερον
554 1231 638 1264 ἰ’σα
670 1228 914 1279 τολμήσῃ,
953 1230 1212 1262 καὶτοῦτο
1251 1225 1518 1277 ἀνέξομαι·
1559 1229 1649 1264 κᾶν

293 1284 385 1333 ἁλῷ
419 1286 592 1331 τρίτον
624 1283 675 1317 οὐ
720 1281 908 1330 τάληθῆ
950 1281 1130 1329 λέγων,
1173 1282 1304 1317 οὔπω
1350 1284 1648 1331 μεμίσηται·

289 1337 589 1385 προστιθεὶς
618 1336 669 1371 δὲ
698 1337 941 1383 τέταρτον
978 1332 1302 1383 ἐξελήλαται.

344 1471 379 1507 8.
404 1468 571 1512 5001·ᾶί.,
590 1465 659 1511 III,
681 1468 740 1512 14,
756 1478 797 1517 7:
818 1465 873 1502 Oi
896 1466 1038 1515 μέντοι
1053 1467 1158 1501 κατὰ
1171 1467 1252 1509 τὰς
1272 1465 1482 1515 ἐπαρχίας
1502 1466 1650 1516 ἄρχον-

288 1535 363 1566 τες
456 1523 566 1569 πέρα
600 1523 679 1556 τῶν
716 1520 934 1561 βασιλικῶν
964 1521 1293 1568 προσταγμάτων
1324 1521 1427 1563 τοὺς
1455 1519 1649 1568 Χριστια-

288 1579 388 1619 νοὺς
432 1577 567 1618 κακῶς
605 1574 853 1615 διετίθεσαν,
898 1575 1092 1622 χρήματα
1136 1574 1206 1622 μὲν
1239 1572 1414 1609 πλείονα
1454 1574 1478 1623 ἢ
1518 1573 1645 1623 ἐχρῆν

287 1630 649 1678 εἰσπραττόμενοι,
673 1628 765 1663 ἔστι
787 1627 831 1663 δὲ
852 1629 924 1662 ὅτε
950 1629 1016 1662 καὶ
1039 1629 1280 1676 σωματικὰς
1298 1629 1500 1675 τιμωρίας
1520 1640 1648 1675 προσ-

287 1685 477 1731 άγοντες.
505 1681 542 1719 8.
569 1681 716 1718 Ταῦτα
742 1681 954 1730 μανθάνων
981 1681 1000 1715 ὁ
1036 1680 1234 1724 βασιλεὺς
1271 1678 1372 1731 (scil.
1399 1679 1646 1731 Ἰουλιανὸς)
1686 1693 1701 1713 2
1742 1697 1743 1700 ¹

283 1738 505 1784 περιεώρα,
540 1738 607 1771 καὶ
643 1739 737 1778 τοῖς
759 1733 1028 1783 Χριστιανοῖς
1054 1736 1152 1782 περὶ
1173 1736 1325 1770 τούτου
1344 1734 1643 1782 προσελθοῦσιν

287 1791 410 1839 αὐτῷ·
442 1805 460 1824 ι(
488 1790 733 1839 ὑμέτερόν
777 1788 919 1823 ἐστιν
963 1802 998 1831 )>,
1026 1787 1165 1835 ἔλεγεν
1191 1789 1352 1831 αὐτοῖς,
1381 1803 1399 1821 «
1425 1790 1645 1837 πάσχον-

285 1857 377 1887 τας
418 1845 577 1886 κακῶς
609 1843 903 1891 ὑπομένειν·
950 1844 1101 1876 τοῦτο
1147 1843 1232 1890 γὰρ
1275 1844 1360 1876 τοῦ
1396 1842 1641 1890 ὑμετέρου

285 1897 398 1932 θεοῦ
422 1896 747 1945 παράγγελμα
769 1894 838 1945 (es.
864 1893 877 1930 l
902 1893 1007 1931 Petr.
1038 1907 1074 1939 2,
1100 1893 1168 1945 20)
1193 1910 1228 1930 ».

338 2030 374 2066 9.
409 2025 665 2078 Philostorg.‚
684 2040 721 2078 p.
748 2027 813 2075 94,
835 2023 926 2062 adn.
949 2023 997 2061 ad
1014 2038 1047 2061 v.
1067 2026 1089 2067 [2
1106 2038 1164 2076 sq.
1185 2023 1245 2062 ed.
1264 2024 1378 2063 Bidez
1397 2037 1405 2064 :
1432 2041 1450 2060 «
1465 2025 1575 2062 Ἀλλ’
1593 2028 1639 2062 οὐ

282 2083 543 2131 χαρήσονται
574 2083 745 2124 τούτοις
788 2077 1130 2122 ἐπιτωθάζοντες
1168 2081 1235 2114 καὶ
1268 2078 1557 2129 χλευάζοντες
1588 2082 1642 2115 τὰ

282 2135 466 2185 ἡμέτερα
480 2133 595 2185 (dicit
610 2132 788 2170 lulianus
803 2131 851 2170 de
867 2130 1133 2183 Christianis)·
1152 2131 1241 2181 ἐγὼ
1265 2135 1352 2182 γὰρ
1374 2134 1640 2182 ἀπαιτήσω

282 2190 370 2237 τὴν
405 2189 527 2236 ὑπὲρ
569 2190 758 2223 τούτου
791 2188 973 2235 ποινὴν
1014 2186 1451 2235 ἑὸδομηκοντάκις
1488 2187 1636 2232 ἑπτά,

285 2242 451 2285 καθώς
472 2250 592 2291 φασι
615 2243 677 2277 τὰ
710 2241 927 2290 ὑμέτερα
962 2239 1103 2287 λόγια
1131 2238 1246 2290 (Gen.
1275 2241 1314 2285 Δ,
1342 2239 1409 2291 24)
1437 2255 1474 2277 ».

339 2374 399 2410 10.
430 2369 592 2408 Davidis
618 2370 892 2421 Proleyomena
915 2367 1189 2420 philosophiae,
1221 2367 1390 2418 Πρᾶξις
1420 2369 1472 2405 ια’
1498 2368 1636 2421 (CAG,

284 2423 430 2470 XVIII,
473 2438 510 2469 2,
537 2438 574 2476 p.
609 2423 676 2467 32,
718 2423 768 2461 28
791 2422 852 2461 ed.
893 2422 939 2459 A.
968 2421 1136 2473 Busse):
1182 2422 1334 2467 Οὕτως
1361 2423 1431 2459 οὖν
1464 2426 1531 2459 καὶ
1562 2426 1636 2459 τοῦ

279 2480 475 2528 σώματος
522 2480 757 2527 κακοχύμου
804 2479 929 2520 ὄντος
979 2478 1046 2512 καὶ
1100 2476 1393 2526 ἀνεπιτηδείου
1439 2479 1549 2525 πρὸς
1588 2479 1638 2512 τὸ

277 2530 485 2577 δέξασθαι
504 2533 584 2575 τὰς
608 2532 794 2582 ψυχικὰς
820 2531 989 2579 ἀρετάς,
1017 2530 1198 2579 εὐλόγως
1213 2543 1282 2574 τις
1305 2530 1467 2579 ἀναιρεῖ
1486 2530 1637 2566 ἑαυτὸν

1704 653 1746 675 10

1698 1068 1739 1101 15

1691 1347 1737 1370 20
