1747 2796
322 101 398 121 xxn
870 87 1140 121 PRAEFATIO

320 179 358 214 et
391 171 620 224 parisinae,
663 171 785 213 Scato
814 171 865 212 de
896 170 1016 212 Vries
1052 179 1092 212 et
1123 171 1329 216 Henricus
1362 171 1538 225 Omont,
1577 188 1676 228 pro-

317 258 447 300 pensa
473 243 687 284 voluntate
714 243 841 283 libros
867 242 1192 298 pretiosissimos
1225 243 1474 285 Gandavum
1512 243 1676 285 mittere

318 329 404 356 non
432 321 741 365 recusaverunt,
771 321 818 355 ut
838 329 907 355 eos
929 313 1197 355 commodius
1214 322 1253 355 et
1277 314 1465 355 securius
1484 323 1677 357 excutere

319 386 441 428 nobis
458 386 611 427 liceret.
637 385 677 427 J.
703 385 807 426 Bick
830 385 1036 440 imagines
1054 385 1149 426 libri
1165 385 1504 427 Vindobonensis
1523 386 1675 442 photo-

320 458 460 513 typice
492 457 785 513 exprimendas
806 456 982 509 curavit,
1005 457 1237 512 eodemque
1263 457 1391 498 modo
1409 457 1529 498 nobis
1549 472 1675 514 opem

319 529 414 569 tulit
434 529 474 569 J.
499 529 666 584 Boyens
687 527 882 568 ininsula
912 527 1068 569 Chalce
1092 543 1222 584 prope
1238 527 1678 585 Constantinopolim.

319 600 506 641 Thomas
545 600 616 641 W.
655 599 774 641 Allen
807 607 847 640 et
883 599 1091 640 Hom-icus
1123 599 1317 655 Lebegue
1353 625 1411 630 —
1443 600 1517 656 qui
1552 600 1673 642 nobis

317 671 461 726 ignota
483 670 723 727 apographa
744 670 1001 711 amicissime
1021 670 1176 712 detexit
1195 697 1252 701 —
1273 671 1467 727 quotiens
1485 686 1555 712 eos
1568 671 1673 712 adii-

318 757 430 793 mus,
482 742 685 783 indefessa
731 757 830 783 cura
874 733 1036 783 nostras
1075 742 1126 782 de
1164 742 1416 783 lectionibus
1461 742 1672 784 Oxonien-

318 814 429 855 sium
457 813 518 855 vel
549 813 835 854 parisinorum
865 813 1062 854 codicum
1090 813 1374 854 dubitationes
1395 813 1669 855 sustulerunt.

318 884 545 941 Ephraemi
577 884 672 940 Syri
699 886 812 926 locos
845 900 865 924 a
897 884 1019 925 nobis
1055 884 1246 926 laudatos
1274 885 1314 925 in
1344 885 1532 940 linguam
1560 885 1674 926 Lati-

318 971 416 996 nam
443 956 755 996 accuratissime
774 956 984 996 transtulit
1003 956 1164 996 amicus
1185 963 1224 996 et
1250 955 1410 1011 collega
1431 956 1673 998 Bruxellen-

317 1028 372 1068 sis
401 1028 457 1068 M.
480 1029 530 1068 A.
563 1028 776 1083 Kugener.
809 1026 904 1078 Quo
931 1027 1053 1068 nobis
1085 1027 1136 1068 ad
1161 1027 1409 1068 recensenda
1435 1027 1585 1069 Suidae
1606 1043 1672 1069 ex-

317 1107 456 1154 cerpta
478 1099 634 1139 auxilio
656 1098 779 1139 fuerit
799 1098 964 1153 egregia
992 1098 1147 1139 femina
1174 1098 1261 1140 Ada
1290 1099 1416 1139 Adler
1442 1114 1566 1154 supra
1587 1099 1671 1140 iam

317 1170 661 1210 memoravimus.
698 1170 748 1210 R.
780 1171 951 1221 Amas,
992 1170 1064 1225 qui
1101 1185 1222 1226 saepe
1254 1170 1296 1210 in
1324 1178 1464 1211 nostra
1490 1171 1673 1212 editione

317 1241 577 1291 nominatur,
607 1241 971 1297 disquisitionibus
1006 1241 1199 1282 nondum
1235 1241 1394 1297 publici
1420 1241 1522 1282 iuris
1555 1241 1673 1283 factis

317 1327 392 1353 nos
410 1313 511 1353 olim
533 1313 593 1353 uti
610 1312 813 1368 permisit.
833 1313 1006 1353 Amicus
1027 1312 1277 1353 iamdudum
1298 1312 1491 1353 laborum
1510 1321 1674 1354 nostro-

316 1399 412 1424 rum
435 1384 572 1424 socius
595 1384 677 1424 Leo
698 1383 960 1424 Parmentier
986 1383 1242 1433 Leodiensis,
1266 1391 1490 1440 postquam
1515 1384 1674 1425 Medio-

315 1454 522 1506 lanenses,
548 1455 727 1495 Venetos
749 1462 787 1496 et
810 1454 1074 1495 Florentinos
1095 1454 1222 1495 libros
1245 1455 1365 1496 nobis
1386 1455 1614 1511 exploravit
1633 1463 1674 1497 et

315 1527 470 1582 partim
492 1527 685 1578 contulit,
705 1526 746 1567 in
768 1526 948 1582 plagulis
965 1526 1224 1581 corrigendis
1239 1534 1277 1567 et
1293 1526 1335 1567 in
1358 1526 1521 1567 mendis
1538 1534 1673 1568 textus

316 1598 558 1653 detegendis
583 1598 703 1638 nobis
733 1599 899 1639 adiutor
921 1598 998 1639 suit
1018 1597 1346 1638 sollertissimus.
1380 1597 1534 1639 Paulus
1560 1600 1580 1638 'l
1598 1598 1674 1639 ho-

317 1684 405 1709 mas
433 1669 592 1724 collega
620 1669 908 1710 Gandavensis
928 1677 968 1710 et
993 1669 1170 1721 amicus,
1195 1669 1267 1725 qui
1294 1677 1389 1710 ante
1410 1669 1565 1710 multos
1586 1670 1672 1710 iam

315 1754 446 1781 annos
468 1740 626 1795 ingenii
648 1741 710 1781 sui
743 1755 921 1781 acumen
956 1741 997 1781 in
1030 1740 1225 1781 lulianeis
1261 1740 1458 1781 sanandis
1502 1731 1672 1782 summa

316 1826 413 1852 cum
452 1812 641 1852 felicitate
680 1812 880 1862 exercuit,
914 1811 1250 1867 frequentissime
1280 1812 1457 1853 consilio
1482 1820 1521 1853 et
1547 1827 1672 1868 opera

316 1882 437 1923 nobis
476 1883 684 1924 subvenit.
729 1883 922 1939 Denique
967 1882 1120 1924 Paulus
1166 1882 1310 1923 Mazon
1349 1883 1595 1924 Parisiensis
1626 1884 1670 1924 in

314 1953 394 1994 hac
421 1954 602 1995 editione
631 1954 890 1995 conficienda
925 1962 963 1995 et
992 1954 1185 2010 polienda
1222 1954 1408 1994 monitor
1439 1954 1558 1995 nobis
1594 1955 1671 1996 suit

315 2023 646 2080 expertissimus.
693 2025 888 2076 Quorum
915 2025 1109 2066 omnium
1149 2025 1364 2077 beneficia,
1407 2025 1544 2081 operis
1576 2026 1670 2066 diu-

317 2095 429 2136 turni
456 2111 585 2151 penso
612 2096 696 2137 iam
718 2105 900 2152 peracto,
926 2104 1045 2152 grato
1070 2096 1213 2137 animo
1232 2096 1516 2138 recordamur.
