1747 2796
218 194 263 226 W

302 118 323 138 x
849 102 1116 138 PRAEFATIO

362 189 506 231 Codex
539 187 859 230 Vz‘ndobonemis
881 187 1033 244 philos.
1064 187 1212 243 philol.
1239 187 1313 229 Gr.
1349 188 1447 242 165,
1469 187 1653 230 chartac.

300 276 405 302 saec.
438 259 683 315 XIIIJXIV,
722 259 810 323 qui¹
833 259 861 300 f.
904 273 984 301 100
1022 259 1152 300 finem
1184 274 1251 315 ep.
1297 259 1376 315 187
1404 266 1444 300 et
1475 274 1541 316 ep.
1578 259 1658 302 188

299 332 439 373 habet.

361 400 448 441 Hos
470 415 538 441 sex
555 399 733 452 codices,
753 414 851 440 cum
867 399 917 440 ad
932 398 1130 440 lectiones
1145 398 1351 440 librorum
1367 398 1494 440 huius
1516 399 1656 455 stirpis

299 471 592 513 describendas
608 471 631 512 J
639 472 674 513 Κ
682 472 752 514 ΓΘ
768 470 993 522 sufficiant,
1010 471 1230 526 neglegere
1246 470 1479 526 potuimus,
1494 477 1657 526 praeter

299 543 539 584 Parisinum
554 543 635 598 967
651 543 702 583 ad
714 556 834 583 num.
855 557 868 583 1
881 543 950 597 73,
968 549 1007 582 et
1022 541 1407 594 Vindobonensem,
1423 541 1495 597 qui
1507 541 1536 582 f.
1555 549 1655 583 mov

297 622 459 671 partem
488 613 687 670 epistulae
714 614 790 655 181
824 612 1057 668 subiungit,
1088 613 1316 654 recentiore
1342 627 1471 655 manu
1497 628 1547 654 ex
1573 612 1656 654 alio

298 686 426 739 fonte,
458 701 592 742 neque
618 700 666 727 eo
694 685 1018 738 contemnendo,
1049 684 1320 740 descriptam.

358 816 569 858 Omnibus
590 815 742 857 Iuliani
763 815 982 856 codicibus
1003 815 1252 872 antiquitate
1273 822 1455 871 praestat
1472 814 1656 856 Ambro-

296 888 439 930 sianus
474 889 504 929 B
545 888 570 934 Δ
609 903 702 943 sup.
741 887 817 944 (z
834 894 879 928 n⁰
924 888 974 928 81
1016 886 1364 943 Martini—Bassi),
1412 887 1649 928 membran.

297 975 404 1001 saec.
448 960 500 1009 X,
541 959 614 1015 qui
649 960 675 999 s.
732 974 848 1015 1075.
889 958 1060 1014 praebet
1103 957 1254 999 Iuliani
1302 973 1367 1014 ep.
1425 959 1507 1000 205
1555 972 1654 998 cum

297 1045 496 1087 responso
542 1030 701 1080 Basilii,
752 1030 849 1071 dein
887 1031 930 1070 ff.
981 1044 1172 1084 110-117
1220 1044 1285 1085 ep.
1330 1030 1385 1084 96
1425 1044 1524 1070 cum
1569 1044 1655 1070 res—

295 1117 428 1158 ponso
462 1102 644 1154 Libanii,
685 1116 738 1156 97
778 1102 839 1157 (p.
878 1101 974 1152 154,
1012 1100 1121 1155 [1-9),
1168 1101 1264 1155 176,
1303 1100 1357 1141 28
1397 1100 1649 1156 (mancam),

301 1188 397 1229 177,
442 1174 537 1228 178,
590 1173 667 1228 157
696 1173 757 1228 (p.
800 1187 899 1224 210,
932 1174 984 1214 25
1017 1171 1090 1226 5.),
1126 1173 1197 1223 41,
1230 1186 1331 1223 202,
1363 1173 1434 1226 59,
1473 1172 1513 1222 Δ,
1552 1173 1649 1227 193,

301 1245 397 1295 186,
436 1260 531 1300 191.

356 1316 511 1357 Eadem
555 1316 636 1357 fere
680 1316 803 1356 series
848 1315 920 1356 sed
977 1314 1122 1356 exilior
1167 1315 1372 1371 reperitur
1419 1314 1462 1355 in
1510 1313 1653 1355 codice

293 1387 534 1429 Monacensi
559 1388 660 1442 Δ90,
686 1386 866 1427 chartac.
895 1402 999 1427 saec.
1024 1386 1115 1439 XV,
1136 1387 1162 1426 f.
1195 1401 1275 1427 120
1297 1401 1371 1439 ss.‚
1392 1400 1545 1442 nempe
1568 1387 1650 1427 205

293 1474 391 1500 cum
430 1473 631 1515 responso
680 1458 837 1511 Basilii,
882 1459 936 1513 96
984 1473 1081 1499 cum
1129 1472 1327 1513 responso
1367 1457 1546 1509 Libanii,
1597 1472 1650 1513 97

291 1530 354 1587 (p.
410 1531 506 1578 155,
551 1529 662 1585 [1—9),
707 1530 803 1585 176,
859 1544 954 1585 177,
999 1530 1070 1579 ζι1,
1112 1543 1212 1579 202,
1260 1531 1333 1583 59,
1378 1529 1417 1574 [ι.
1455 1529 1650 1569 Attamen

292 1617 377 1642 non
402 1618 448 1642 ex
487 1601 579 1657 ipso
606 1602 640 1641 A
668 1601 901 1657 descriptus
923 1609 983 1642 est
1016 1600 1297 1652 Monacensis,
1321 1600 1394 1641 sed
1427 1614 1475 1640 ex
1503 1600 1650 1641 eodem

292 1673 520 1728 archetypo
547 1672 683 1712 fluxit.
709 1671 773 1713 De
799 1671 880 1713 hoc
909 1672 1052 1713 codice
1081 1672 1133 1714 cf.
1157 1671 1402 1727 praesertim
1423 1671 1496 1711 W.
1522 1671 1647 1724 Fritz,

292 1743 369 1784 Die
418 1744 562 1800 Briese
612 1742 680 1784 des
718 1743 910 1800 Bisclzosk
956 1743 1171 1799 Synesias,
1213 1742 1395 1798 Leipzig,
1438 1742 1648 1794 Teubner,

296 1814 422 1870 1898,
447 1830 488 1870 p.
526 1816 575 1856 13
598 1830 653 1857 ss.

352 1886 553 1926 Eiusdem
581 1887 762 1941 sylloges
804 1886 1004 1941 epistulae
1042 1885 1196 1926 duae«
1242 1891 1285 1927 ἐν.
1327 1892 1402 1927 τῶν
1443 1888 1650 1927 ἐπιστολῶν

300 1955 510 2000 'lc-27:2¹2&
539 1968 602 1999 ’.εὖ
624 1961 841 2013 παρειὲἀτευ
867 1974 906 2009 i),
938 1957 1027 1998 scil.
1053 1972 1117 2012 ep.
1146 1957 1225 1998 186
1253 1963 1293 1996 et
1320 1955 1416 2010 193,
1434 1962 1652 1996 servantur

291 2043 459 2083 quoque
480 2028 522 2068 in
543 2035 678 2068 vetere
698 2028 839 2069 codice
863 2027 1027 2068 Patmio
1052 2028 1134 2082 706
1157 2026 1443 2083 (Sakkelion),
1461 2025 1645 2068 chartac.

291 2113 396 2139 saec.
426 2098 603 2154 XlsXll.

348 2170 413 2210 Ad
434 2170 613 2210 eundem
637 2169 795 2210 fontem
815 2170 1053 2211 referendae
1073 2177 1170 2210 sunt
1196 2169 1398 2225 epistulae
1418 2168 1472 2223 96
1501 2176 1541 2209 et
1567 2169 1647 2224 176

290 2255 395 2296 quae
434 2240 478 2280 in
525 2240 665 2281 codice
711 2241 993 2282 Laurentiano
1031 2241 1160 2291 LXX,
1206 2242 1272 2291 13,
1316 2239 1499 2281 chartac.
1536 2225 1643 2281 sae-c.

289 2311 382 2361 XV,
416 2311 523 2351 inter
549 2310 714 2351 Libanii
746 2311 900 2352 litteras
928 2312 1005 2352 sub
1031 2311 1219 2352 numeris
1246 2309 1299 2361 ’.ζ’
1326 2318 1365 2351 et
1384 2309 1442 2363 τη’
1468 2310 1648 2351 insertae

288 2390 401 2422 sunt.

346 2452 652 2508 Apographum
674 2461 814 2494 autem
840 2453 936 2494 libri
965 2452 1227 2494 Monacensis
1247 2452 1289 2493 M
1317 2459 1378 2493 est
1405 2451 1646 2494 ottobonia-

287 2537 364 2564 nus
391 2537 462 2578 90,
489 2538 594 2564 saec.
627 2524 741 2578 XVI,
773 2526 798 2565 s.
828 2539 883 2580 70
910 2540 985 2578 ss.,
1016 2524 1174 2565 nullius
1193 2523 1330 2579 pretii.
