1747 2796
265 113 309 133 xx
815 99 1081 133 PRAEFATIO

326 183 453 226 Nobis
479 184 652 240 quidem
683 198 768 226 non
796 184 985 224 sufficere
1006 183 1143 224 visum
1164 191 1239 236 est,
1271 183 1486 225 codicibus
1506 191 1628 241 quot-

265 263 368 312 quot
387 256 664 296 innotuerunt
684 255 846 308 collatis
873 262 945 296 aut
971 254 1168 310 inspectis
1195 263 1236 296 et
1259 255 1460 297 affinitate
1479 270 1627 297 eorum

265 326 493 382 recognita,
524 342 653 383 quam
684 326 930 367 firmissimo
963 327 1241 368 fundamento
1270 334 1432 368 textum
1468 328 1628 382 gravis-

266 399 371 440 sime
387 400 584 440 affectum
605 398 836 449 restituere,
859 397 1059 454 epistulas
1079 398 1160 453 (n0s
1180 412 1247 451 12,
1284 413 1350 453 19,
1375 400 1448 448 30,
1472 399 1545 449 80,
1570 399 1625 440 86

265 478 304 512 et
324 471 401 527 87)
422 477 461 512 et
480 471 716 526 fragmenta
743 470 806 526 (p.
832 470 902 522 33,
930 471 954 517 [ι
976 484 1029 510 ss.
1054 484 1063 521 3
1103 470 1198 524 159,
1224 483 1275 522 2;
1301 483 1380 511 211
1406 483 1490 522 ss.;
1521 485 1622 525 219,

267 544 290 583 5
325 556 411 593 ss.;
440 543 541 590 262,
575 543 599 582 5
631 557 707 592 ss.‚
737 540 844 598 etc.)
876 555 1010 596 nuper
1042 548 1205 596 reperta
1233 540 1428 594 inserere,
1456 540 1628 583 lacunas

266 613 517 669 significare,
536 620 576 654 et
590 612 734 653 titulos
747 612 798 653 ad
811 612 1034 668 pristinam
1045 612 1225 653 formam
1241 611 1429 668 redigere
1440 611 1528 671 (ep.
1555 627 1570 654 1
1586 627 1621 665 1,

267 685 338 737 35,
363 684 436 737 36,
461 684 532 737 82,
569 685 666 736 115,
706 685 802 735 153,
828 683 947 739 etc.).
981 683 1062 725 Sed
1083 698 1181 724 cum
1203 682 1406 740 epistulae
1434 683 1478 725 in
1507 683 1625 725 libris

265 756 564 812 manuscriptis
594 755 754 811 passim
786 755 960 796 traditae
994 754 1219 796 minimam
1258 762 1424 796 tantum
1461 762 1624 811 partem

265 827 446 868 efficiant
478 841 624 868 earum
652 841 757 883 quae
792 826 957 868 saeculo
983 826 1133 882 quinto
1154 826 1464 880 lectitabantur,
1485 826 1625 868 visum

265 906 325 940 est
353 913 498 940 earum
527 898 657 940 etiam
688 912 870 954 quarum
901 898 1013 954 apud
1039 897 1235 954 antiquos
1264 905 1457 955 excerpta
1487 898 1625 955 profe-

266 977 416 1011 runtur
432 970 497 1011 vel
515 969 718 1011 memoria
740 977 942 1021 servatur,
967 969 1203 1010 mentiones
1220 969 1283 1010 vel
1296 970 1529 1025 fragmenta
1543 969 1627 1011 dis-

264 1056 381 1097 persa
415 1041 627 1096 colligere.
659 1041 805 1092 Porro,
842 1056 939 1081 cum
971 1040 1220 1096 «quidquid
1241 1040 1422 1097 principi
1449 1041 1621 1097 placuit,

264 1112 367 1167 legis
385 1112 535 1154 habeat
550 1113 789 1168 vigorem»,
803 1120 841 1152 et
857 1111 1058 1168 epistoliis
1070 1112 1122 1152 ad
1136 1111 1362 1153 familiares
1377 1112 1625 1168 gravissima

264 1183 427 1236 librarii
454 1184 813 1225 intermiscuerint
845 1184 1110 1239 imperatoris
1151 1183 1300 1237 edicta,
1332 1183 1423 1225 illas
1455 1199 1625 1240 quoque

264 1255 587 1297 constitutiones
611 1255 762 1296 Iuliani
784 1270 890 1312 quae
911 1255 954 1295 in
981 1254 1196 1296 codicibus
1217 1254 1319 1295 iuris
1346 1255 1526 1296 insertae
1559 1255 1624 1296 vel

264 1326 308 1367 in
327 1326 458 1367 titulis
473 1327 558 1368 sive
579 1326 771 1383 papyris¹
802 1334 987 1382 repertae
1014 1334 1113 1367 sunt
1132 1326 1359 1382 adiungere
1378 1326 1554 1383 placuit,
1578 1333 1626 1367 ut

264 1397 407 1438 omnia
421 1405 460 1438 et
473 1397 633 1454 privata
650 1405 689 1438 et
704 1397 875 1453 publica
890 1397 1043 1453 scripta
1057 1397 1146 1438 eius
1161 1397 1384 1439 coniuncta
1398 1398 1623 1439 commode

263 1468 546 1510 inveniantur.

325 1540 445 1581 Hanc
482 1540 734 1595 indigestam
773 1540 930 1581 molem
975 1539 1191 1596 quomodo
1228 1539 1518 1581 ordinaremus
1549 1540 1623 1581 diu

264 1611 534 1667 multumque
571 1612 872 1653 dubitavimus.
911 1611 1044 1653 Series
1077 1626 1181 1668 quas
1215 1611 1378 1652 codices
1406 1611 1620 1667 praebent,

264 1682 533 1723 librariorum
553 1683 725 1724 arbitrio
752 1683 983 1735 institutae,
1016 1697 1162 1724 omnes
1182 1682 1367 1723 diversae
1394 1690 1507 1729 sunt,
1531 1697 1623 1724 om-

266 1767 337 1794 nes
375 1753 594 1797 absurdae.
636 1753 869 1795 Absurdior
906 1754 1009 1795 ordo
1044 1753 1279 1795 editionum
1319 1753 1409 1806 ubi,
1447 1753 1624 1796 Aldinae

266 1824 447 1880 sylloges
473 1825 650 1866 colluvie
678 1833 856 1881 recepta,
880 1825 1100 1880 paulatim,
1130 1832 1178 1865 ut
1197 1825 1279 1865 fors
1301 1824 1469 1877 ferebat,
1493 1840 1623 1867 novae

265 1895 465 1951 epistulae
489 1895 591 1936 hinc
610 1904 733 1951 atque
753 1895 870 1936 illinc
900 1895 1048 1951 petitae
1077 1902 1354 1936 accesserunt.
1386 1895 1482 1947 Quo
1503 1896 1624 1937 effec-

267 1974 359 2007 tum
379 1974 441 2008 est
459 1975 506 2007 ut
526 1967 777 2008 secernenda
804 1967 1115 2023 copularentur,
1146 1966 1359 2022 iungenda
1383 1981 1623 2023 separaren-

267 2045 348 2090 tur,
373 2037 507 2079 immo
529 2038 656 2078 unius
676 2038 877 2094 epistulae
910 2038 952 2078 in
978 2038 1082 2079 duas
1114 2038 1263 2078 scissae
1295 2037 1422 2079 altera
1449 2052 1544 2094 pars
1570 2039 1622 2079 ab

267 2109 394 2150 altera
425 2109 549 2164 longe
585 2108 874 2161 divideretur²,
916 2109 1044 2165 idque
1083 2109 1197 2150 nulla
1231 2108 1432 2164 temporis
1462 2109 1623 2150 ratione

319 2234 349 2256 1.
372 2222 519 2255 Tardius
539 2235 645 2268 quam
666 2228 704 2256 ut
720 2236 797 2257 eam
818 2224 982 2257 adhibere
992 2223 1211 2269 potuerimus
1231 2224 1390 2269 pervenit
1409 2223 1509 2257 nobis
1529 2210 1624 2257 com-

268 2275 436 2309 mentatio
456 2289 525 2321 qua
547 2276 683 2310 Ulricus
706 2277 869 2310 W'ilcken
888 2278 1063 2323 (Zeitschr.
1087 2278 1147 2310 der
1164 2277 1484 2322 Saviqny-Stislunq.
1510 2277 1621 2316 XLII,

272 2340 374 2374 1921,
390 2342 424 2374 p.
443 2330 508 2363 150
522 2334 586 2374 ss.)
597 2330 742 2375 probare
762 2331 878 2364 studet
889 2331 1043 2364 edictum
1057 2330 1099 2363 de
1111 2342 1195 2364 auro
1215 2330 1398 2363 coronario
1413 2335 1472 2375 (11⁰
1492 2342 1534 2376 72
1552 2330 1620 2372 Ab,

266 2395 300 2427 p.
323 2382 448 2428 &lg-87)
467 2395 585 2416 revera
616 2383 732 2416 Severi
765 2383 953 2417 Alexandri
980 2396 1064 2416 esse.
1097 2383 1149 2416 De
1172 2395 1242 2429 quo
1268 2383 1351 2417 alibi
1370 2383 1622 2429 disputandum

268 2436 346 2469 erit.

318 2499 349 2521 2.
379 2487 435 2521 Cf.
459 2500 513 2522 ex.
533 2501 584 2534 gr.
606 2501 661 2534 ep.
690 2488 760 2531 30;
791 2489 922 2532 34-36,
959 2501 1001 2535 97
1029 2490 1150 2535 (174
1166 2496 1212 2528 -1-
1230 2489 1269 2528 ι4
1291 2477 1466 2534 Hertlein)
1486 2494 1553 2523 etc.
1576 2510 1620 2514 —

268 2542 495 2585 Fraqmentum
517 2543 686 2586 epistulae,
703 2542 796 2588 quod
807 2544 899 2589 apud
920 2542 1093 2584 Hertlein,
1107 2548 1133 2576 t.
1156 2542 1185 2585 I,
1197 2556 1233 2589 p.
1248 2541 1414 2589 371—392‚
1427 2542 1621 2584 invenitur,
