1747 2796
283 82 297 103 ε
809 66 1095 100 TESTIMONIA

281 154 579 195 διαλεκτικούς,
610 151 756 194 κάλλος
792 150 915 186 ἐπῶν’
941 149 993 185 ὃν
1016 154 1108 194 τοῖς
1132 152 1201 198 μὲν
1226 149 1514 200 ἐγκωμιάζεις,
1538 155 1630 195 τοῖς

281 208 325 243 δὲ
347 207 525 249 πείθεις.
549 209 640 248 τοῖς
661 205 706 241 δὲ
727 202 993 254 ἀναγκάζεις,
1027 207 1119 247 τοῖς
1144 204 1189 239 δὲ
1224 203 1411 253 θέλγεις,·
1427 206 1492 240 καὶ
1512 207 1631 254 νικᾷς

281 262 383 304 τοὺς
408 260 479 308 μὲν
503 260 685 308 ῥήτορας
703 260 753 309 τῇ
776 257 1014 307 φιλοσοφία,
1039 259 1140 300 τοὺς
1164 256 1197 292 δ’
1230 256 1278 292 αὖ
1301 256 1557 307 φιλοσόφους
1577 261 1628 309 τῇ

281 315 490 364 ῥητορεία,
515 315 565 363 τῇ
587 314 755 361 ποιήσει
779 311 822 347 δέ
847 311 1125 360 ἀμφοτέρους.
1154 311 1288 358 ὥσπερ
1315 310 1364 346 αὖ
1389 313 1490 355 τοὺς
1511 324 1631 361 ποιη-

281 369 361 411 τὰς
382 366 636 416 ἀμφοτέροις
666 364 845 408 ἐκείνοις
871 366 938 399 καὶ
958 366 1005 413 νὴ
1033 363 1113 399 Δία
1136 377 1181 413 γε
1214 365 1380 408 πάντας
1403 365 1477 408 οὓς
1506 364 1628 415 ἔφην,

283 421 437 469 θάτέρᾳ
459 422 572 470 φωνῇ
596 418 833 454 τελεώτατα
849 417 1054 468 ἐχούσῃ...
1077 416 1178 467 93...
1208 420 1274 452 καὶ
1293 418 1333 453 εἴ
1355 417 1400 467 γέ
1418 431 1510 462 πως
1533 418 1630 467 ἐνῆν

284 488 349 509 σοι
378 473 476 509 δέκα
498 472 701 522 γλώσσαις
737 471 964 520 ἐκπέμπειν
987 473 1142 519 φωνήν,
1179 471 1296 506 οὐδὲν
1328 471 1375 506 ἂν
1411 471 1529 507 ἐδέου
1550 473 1630 507 τῶν

282 529 379 575 περὶ
399 528 477 569 τὰς
499 525 724 568 ἐπιστολὰς
745 526 981 574 συμμάχων.

336 578 451 623 Ιὸὶό.,
476 577 583 617 XYI,
615 579 683 614 143:
797 580 818 613 ὅ
839 591 886 613 τε
921 577 1116 620 βασιλεὺς
1135 575 1236 627 (scil.
1263 576 1507 627 Ἰουλιανὸς)
1526 578 1634 614 αἰδέ-

284 646 404 682 σιμος
428 635 493 668 καὶ
519 634 622 668 κατὰ
642 634 716 681 τὴν
743 632 868 667 αὑτοῦ
894 633 1033 680 φωνὴν
1059 631 1227 678 ἑταῖρος
1254 634 1332 670 καί,
1356 634 1403 667 τὸ
1427 632 1629 681 μέγιστον,

285 688 364 723 ἀπὸ
389 689 468 722 τῶν
490 686 615 735 λόγων
640 686 713 728 οὓς
734 684 941 734 ἀδελφοὺς
962 684 1038 734 ἐγώ
1057 698 1104 720 τε
1137 684 1328 728 κάκεῖνος
1348 686 1556 734 τίκτομεν.

337 738 450 778 Ibid..
474 737 620 778 XVIII,
661 737 702 774 15
732 751 738 774 :
852 738 960 778 ὅθεν,
1001 737 1129 786 οἶμαι,
1169 740 1234 773 καὶ
1257 742 1349 782 τοῖς
1369 739 1540 786 ὕστερον
1566 737 1634 774 ὑπ’

286 795 410 829 αὐτοῦ
432 794 733 842 πεποιημένοις
757 791 893 841 λόγοις
912 791 974 827 ἔνι
996 805 1037 827 τι
1055 794 1162 839 πρὸς
1192 793 1303 841 ἡμᾶς
1332 792 1528 841 συγγενὲς
1569 794 1635 827 καὶ

285 844 430 890 ἔδοξεν
456 845 522 889 εἷς
544 845 653 881 εἶναι
669 847 748 881 τῶν
769 844 1112 895 πεπλησιακότων
1135 842 1204 895 (cs.
1234 843 1339 881 Orat.
1368 843 1453 884 XV.
1477 844 1533 895 6).

338 898 450 936 Ibid..
476 899 537 935 151
562 911 568 936 1
592 898 717 935 Ἀλλὰ
741 901 815 947 μὴν
835 901 987 947 νόμους
1010 898 1222 938 Βασιλεῦσι
1239 899 1372 934 θεῖναι
1392 900 1462 947 μὲν
1477 899 1631 948 ῥᾴδιον,

286 951 430 998 ἔξεστι
452 954 540 1002 γάρ.
566 954 855 1001 συμφέροντας
876 952 920 987 δὲ
948 952 993 987 οὐ
1017 952 1171 1000 ῥᾴδιον,
1199 954 1442 1002 φρονήσεως
1462 954 1534 1001 γὰρ
1556 952 1632 1002 ἤδη

286 1009 408 1043 τοῦτό
423 1019 482 1056 γε.
498 1005 548 1042 <O
562 1005 607 1041 δὲ
618 1007 836 1048 τοιούτους
857 1007 926 1054 μὲν
941 1005 1103 1055 ἔθηκεν,
1125 1003 1192 1048 οῗς
1207 1005 1340 1054 εὗρεν,
1359 1007 1465 1042 ὥστε
1483 1005 1636 1055 μεγάλα

286 1063 387 1103 τοὺς
407 1062 485 1107 πρὸ
507 1061 662 1095 τούτων
687 1059 936 1108 γενομένους
959 1059 1202 1106 ἀνθρώπους
1228 1058 1498 1109 ἐζημιῶσθαι.
1535 1061 1637 1103 τοὺς

287 1115 330 1149 δὲ
353 1115 521 1156 τούτοις
541 1114 611 1161 μὲν
634 1112 825 1155 ἐοικότας
847 1114 924 1148 τῶν
945 1111 1074 1147 πάλαι
1100 1114 1370 1160 κρατούντων,
1387 1112 1637 1162 λελυμένους

285 1168 330 1203 δὲ
351 1167 548 1215 αὐθαδείᾳ
571 1166 788 1202 δυνάστου.
819 1165 942 1201 πάλιν
980 1167 1144 1213 κυρίους
1179 1166 1372 1215 ἀπέφηνε
1401 1168 1447 1202 τὸ
1477 1169 1570 1210 τοῖς
1591 1166 1635 1202 εὖ
1678 1181 1682 1186 ·

287 1221 430 1270 ἔχουσι
460 1220 741 1268 συμφέρεσθαι
773 1222 844 1255 τοῦ
879 1221 1008 1268 μάτην
1040 1220 1118 1255 τῶν
1147 1220 1341 1267 κειμένων
1363 1219 1636 1268 ἐπιλαμὸάνε-

287 1274 381 1309 σθαι
401 1273 559 1308 κάλλιον
585 1273 648 1316 εἰς
670 1272 903 1322 φιλοτιμίαν
926 1274 1168 1322 ἡγούμενος.

340 1324 451 1363 Ibid..
482 1328 553 1377 172
571 1338 577 1363 ἰ
671 1326 736 1361 διὰ
750 1328 829 1362 τῶν
847 1327 1095 1375 πραγμάτων
1112 1327 1264 1375 ἤρχετο
1274 1327 1515 1374 πρεσὸείαις
1534 1327 1635 1362 ἀπο-

290 1382 527 1429 κρινόμενος
549 1383 723 1429 συχναῖς
744 1379 815 1414 ἐπὶ
849 1382 944 1428 μιᾶς
971 1380 1143 1429 ἡμέρας,
1174 1379 1342 1415 πόλεσιν
1370 1379 1634 1420 ἐπιστέλλων,

288 1433 574 1482 στρατοπέδων
597 1434 782 1482 ἄρχουσι,
804 1432 963 1468 πόλεων
986 1433 1171 1482 ἄρχουσι,
1202 1433 1340 1483 φίλοις
1364 1433 1634 1483 ἀποδημοῦσι,
1679 1448 1682 1453 ·

288 1487 426 1536 φίλοις
451 1486 733 1536 ἐπιδημοῦσιν,
765 1517 771 1523 .
795 1517 801 1523 .
827 1517 833 1523 .
872 1486 1068 1534 βραδείας
1101 1487 1341 1536 ἀποφαίνων
1364 1490 1510 1537 χεῖρας
1539 1488 1638 1523 ὑπο-

287 1541 473 1589 γραφέων
496 1543 551 1588 τῷ
576 1542 697 1589 τάχει
717 1542 796 1589 τῆς
822 1539 1021 1589 γλώττης.

341 1592 454 1630 Ihm..
479 1592 552 1629 302
577 1605 582 1630 2
613 1625 618 1630 .
643 1625 648 1630 .
669 1623 675 1630 .
697 1595 798 1636 τοὺς
822 1593 866 1628 δὲ
890 1592 1051 1628 ἐκείνου
1075 1592 1176 1643 (scil.
1211 1597 1283 1629 τοῦ
1308 1593 1550 1644 Ἷουλιανοΰ)
1574 1593 1637 1629 λό·

289 1660 387 1696 γους
408 1646 520 1682 ἔστιν
547 1647 646 1682 ἰδεῖν
672 1649 772 1690 τοὺς
791 1646 971 1690 πολλοὺς
1006 1649 1072 1682 καὶ
1090 1649 1255 1690 πάντας
1282 1650 1353 1683 σὺν
1375 1648 1501 1699 τέχνῃ
1531 1679 1536 1684 ,
1559 1679 1565 1684 .
1585 1679 1592 1684 .
1617 1648 1637 1683 ὃ

290 1700 334 1735 δέ
350 1699 537 1749 πολεμῶν
569 1714 615 1735 τε
653 1701 750 1748 ὁμοῦ
792 1703 858 1735 καὶ
890 1699 1080 1736 πλάττων
1120 1700 1267 1750 λόγους
1303 1703 1444 1744 πάσας
1476 1703 1638 1750 μορφὰς

293 1753 586 1789 καταλέλοιπεν
610 1754 792 1796 ἁπάσαις
816 1755 885 1802 μὲν
919 1755 1109 1796 ἅπαντας
1142 1756 1278 1797 νικῶν,
1304 1756 1357 1789 τὰ
1379 1753 1413 1790 δ’
1437 1755 1562 1790 αὑτοῦ
1585 1756 1636 1804 τῇ

289 1808 369 1842 τῶν
391 1806 633 1844 ἐπιστολῶν.
651 1806 741 1843 1503.
759 1806 903 1842 Ταῦτα
917 1806 994 1856 ἐγὼ
1015 1806 1226 1855 λαμθάνων
1242 1807 1503 1856 παραμυθίαν
1523 1810 1638 1855 πορί-

291 1859 429 1908 ζομαι,
463 1859 528 1894 διὰ
561 1862 715 1895 τούτων
750 1861 871 1909 ὑμεῖς
900 1862 979 1896 τῶν
1016 1859 1191 1909 ἐκγόνων
1225 1864 1300 1910 τὴν
1325 1860 1456 1911 λύπην
1482 1862 1634 1897 οἴσετε.

296 1912 459 1956 Παῖδας
479 1915 655 1956 τούτους
680 1913 842 1957 ἐκεῖνος
867 1913 1102 1956 ἀθανάτους
1126 1914 1434 1957 καταλέλοιπεν,
1468 1915 1542 1958 οὓς
1566 1915 1639 1950 οὒκ

293 1966 339 2001 ἂν
366 1967 385 2000 ὃ
419 1968 569 2016 χρόνος
602 1966 766 2002 δύναιτο
795 1969 896 2015 μετὰ
925 1969 1004 2002 τῶν
1030 1966 1073 2002 ἐν
1111 1971 1206 2010 ταῖς
1231 1970 1389 2003 σανίσιν
1415 1965 1640 2017 ἐξαλεῖψαι

292 2021 529 2068 χρωμάτων.

344 2071 458 2109 Ibid..
477 2071 617 2111 XXIX}
636 2073 684 2122 37
705 2085 711 2110 2
736 2073 896 2108 Τούτου
911 2072 1010 2124 (scil.
1031 2077 1102 2109 τοῦ
1116 2072 1357 2115 Ἰουλιανοῦκ)
1378 2105 1385 2111 .
1403 2105 1432 2111 ..
1454 2074 1636 2122 μέλει...

292 2125 422 2177 “Ερμῆ
446 2157 451 2162 .
473 2157 479 2162 .
503 2157 508 2162 .
534 2126 599 2161 διὰ
623 2128 722 2169 τοὺς
747 2126 789 2161 ἐν
810 2129 935 2162 πᾶσιν
955 2127 1084 2163 εἴδεσι
1106 2127 1267 2177 λόγους,
1296 2126 1489 2170 Μούσαις
1509 2127 1554 2163 δὲ
1573 2127 1640 2163 διὰ

293 2181 347 2214 τὰ
370 2178 447 2228 ἔπη
476 2210 481 2215 .
506 2210 511 2215 .
535 2210 540 2215 .
570 2177 628 2215 Cf.
650 2178 769 2215 eliam
794 2178 900 2220 ibid,
926 2178 1048 2218 XVII.
1079 2193 1140 2230 ξεῖ,
1163 2185 1235 2217 etc.

348 2230 470 2282 Epist.
497 2230 571 2281 716
591 2231 738 2282 (Celso)
764 2246 771 2269 ;
813 2233 1179 2283 Κατηγορούμενος
1209 2232 1311 2284 (scil.
1346 2247 1364 2269 a
1399 2232 1572 2285 Iuliano)
1592 2235 1640 2271 δὲ

295 2285 366 2320 ἐπὶ
390 2288 444 2333 τῷ
469 2288 518 2334 μὴ
544 2288 699 2335 γράψαι
731 2289 796 2321 καὶ
826 2288 940 2334 παρὰ
959 2288 1090 2335 τούτῳ
1118 2289 1184 2323 καὶ
1216 2286 1281 2323 ἔτι
1307 2290 1508 2336 πρότερον
1528 2289 1641 2336 παρὰ

295 2341 387 2382 τοῖς
422 2338 638 2385 πρέσθεσιν
663 2338 803 2388 (οἶσθα
824 2341 895 2389 γὰρ
927 2340 952 2375 ἃ
982 2342 1088 2388 πρὸς
1108 2340 1334 2388 ἑκατέρους
1351 2340 1503 2391 εἶπεν),
1528 2342 1640 2378 οὔπω

296 2391 470 2440 δύναμαι
492 2394 744 2441 καταγνῶναι
767 2395 846 2441 τῆς
866 2392 1045 2442 ἐμαυτοῦ
1068 2396 1228 2443 σιωπῆς
1253 2425 1259 2430 .
1286 2425 1291 2431 .
1315 2425 1321 2431 .
1344 2396 1545 2443 πρότερον
1568 2395 1639 2444 μὲν

297 2444 367 2480 οὖν
390 2448 436 2479 τὸ
459 2447 538 2493 τῆς
557 2444 770 2489 βασιλείας
791 2446 962 2495 μέγεθος
983 2447 1117 2482 ὀκνεῖν
1139 2446 1275 2482 ἐποίει
1295 2449 1480 2497 γράφειν,
1505 2450 1575 2484 νῦν
1597 2447 1642 2484 δὲ

297 2498 342 2547 δη
370 2500 435 2533 καὶ
458 2500 503 2533 τὸ
527 2496 672 2541 κάλλος
693 2500 770 2534 τῶν
795 2499 997 2543 βασιλέως
1019 2499 1244 2536 ἐπιστολῶν
1263 2500 1429 2536 διπλοῦν
1444 2504 1639 2537 ποιεῖτὸν

1677 647 1716 669 10

1680 901 1714 933 15

1676 1702 1720 1735 30

1677 1970 1695 2001 3
1702 1970 1721 2003 5

1681 2503 1723 2540 45
