1747 2796
281 61 346 94 25<ss
670 64 728 98 15⁷.
757 65 1016 99 EPISTLLAE
1048 64 1126 99 SIJI·
1140 64 1249 98 RIAE

277 145 447 191 ἰδιώτας
477 149 618 192 ὄντας,
646 149 956 200 ἐπαχθέστερον
989 150 1033 186 δέ
1066 163 1131 186 σοι
1163 151 1400 200 φανήσεται
1430 152 1477 186 τὸ
1506 149 1641 200 λέγειν

275 220 384 265 πρὸς
409 218 533 257 Θεόν.
559 219 715 264 Οὐδεὶς
736 223 810 271 γὰρ
844 223 1018 271 μεσίτης
1046 220 1157 257 Θεοῦ
1182 223 1250 257 καὶ
1267 221 1490 270 ἀνθρώπων
1510 223 1642 272 φανή-

275 302 407 327 OSTou.

919 484 989 520 206

326 570 548 623 Epistulam
580 587 680 625 quae
717 573 892 626 primum
927 573 1057 612 locum
1095 573 1136 611 in
1160 572 1402 612 editionibus
1431 572 1637 611 obtinebat
1676 572 1695 606 5

273 624 354 676 (ep.
378 639 388 662 1
422 625 622 677 Hertlein)
655 626 749 665 salso
780 627 921 665 litteris
944 627 1088 665 Iuliani
1108 628 1323 680 pras-fixam
1345 641 1425 666 esse
1445 633 1483 665 et
1504 640 1636 665 revera

271 692 350 715 non
381 678 646 732 imperatoris.
671 680 735 719 sed
759 681 937 735 Procopii
960 681 1097 719 Gazaei
1128 681 1324 734 sophistae
1348 695 1444 727 esse,
1467 686 1505 719 et
1531 680 1636 719 inter

271 746 387 783 opera
413 733 496 771 eius
525 734 605 787 (ep.
642 736 711 786 (32)
744 742 846 773 recte
876 735 1021 774 servari
1045 734 1143 773 vidit
1177 734 1352 774 Hercher
1373 735 1565 787 (Hermes,
1601 734 1633 780 I,

278 786 390 825 181313,
430 802 467 840 p.
508 790 617 840 4731).
658 789 945 828 Conl'usionem
979 804 999 827 a
1034 788 1196 827 librario
1231 788 1408 842 quodam
1437 788 1635 827 recentio-

272 839 380 878 ribus
402 841 649 895 temporibus
675 842 817 881 saetam
840 857 920 882 esse
944 857 989 882 eo
1010 843 1202 896 probatur
1225 842 1332 895 quod
1354 842 1448 881 haec
1468 842 1634 896 epistula
1677 853 1718 876 10

268 892 307 930 in
333 895 464 946 paucis
490 902 648 933 tantum
681 896 881 935 codicibus
904 913 933 935 s.
964 897 1149 935 xlv-XV
1169 897 1350 949 (BNOQ)
1374 902 1467 935 ante
1487 902 1634 935 ceteras

270 947 414 986 Iuliani
439 949 657 988 invenitur.
680 950 780 989 Eam
802 951 863 990 hic
883 957 1056 1004 repetere
1076 965 1367 1004 supervacuum
1384 951 1628 1004 putavimus.

910 1177 981 1212 207

315 1266 546 1305 Secundum
571 1282 686 1305 usum
704 1268 1028 1322 compilatorum,
1055 1284 1073 1304 c<
1094 1268 1163 1322 qui
1186 1268 1313 1307 solent
1333 1267 1511 1306 eiusdem
1530 1268 1626 1306 anni

258 1319 614 1360 constitutionibus
628 1322 796 1361 eandem
811 1322 1111 1376 inscriptionem
1125 1322 1378 1375 praemittere
1398 1339 1418 1359 »
1434 1321 1627 1375 [Momm·
1668 1324 1709 1359 15

258 1372 359 1426 sen]‚
385 1373 540 1413 Iuliano
556 1377 737 1429 Rugusto
752 1376 992 1415 tribuuntur
1012 1377 1053 1414 in
1074 1376 1205 1415 codice
1228 1375 1503 1415 Theodosiano
1523 1375 1624 1429 leges

257 1426 469 1479 quaedam,
490 1429 648 1468 Iuliano
664 1430 739 1468 IIII
754 1436 792 1469 et
814 1430 1004 1469 Sallustio
1023 1430 1254 1469 consulibus
1268 1429 1370 1483 (scil.
1389 1444 1425 1469 a.
1443 1429 1540 1482 363)
1555 1444 1624 1484 per

256 1494 410 1520 menses
430 1482 659 1531 Octobrem,
688 1484 953 1524 Novembrem
979 1490 1018 1523 et
1044 1484 1305 1523 Decembrem
1329 1483 1618 1537 promulgatae,

258 1550 275 1569 (<
299 1549 380 1588 quo
401 1541 579 1591 tempore
605 1552 696 1576 sane
718 1538 904 1577 lox-ianus
927 1539 1007 1577 iam
1029 1538 1265 1592 imperabat.
1297 1544 1434 1592 utpote
1461 1537 1618 1577 Iuliano

255 1595 415 1628 mortuo
431 1605 564 1630 mense
581 1591 713 1634 Iunio.
732 1599 777 1631 ut
791 1592 957 1646 proinde
973 1592 1133 1631 Ioviano
1151 1591 1387 1631 tribuendae
1401 1606 1466 1631 eae
1481 1592 1559 1630 sint
1577 1609 1613 1639 »,
1657 1603 1700 1626 20

253 1643 598 1694 quemadmodum
636 1653 739 1685 recte
777 1647 930 1685 censuit
968 1646 1235 1686 Gothosredus
1271 1645 1338 1699 (cs.
1372 1646 1613 1693 Mommsen,

254 1697 345 1734 (jod.
376 1698 572 1743 Thmdos„
598 1700 629 1745 l,
664 1715 695 1745 ι,
718 1715 756 1753 p.
785 1701 997 1752 ccxxxvn).
1027 1702 1132 1739 Sunt
1151 1706 1286 1738 autem
1308 1699 1466 1739 haecce:

304 1751 395 1789 Cod.
433 1753 632 1795 Theodos..
660 1754 768 1795 VIII,
797 1769 830 1799 ι,
863 1755 912 1801 8;
946 1753 1054 1798 Vlll,
1091 1755 1130 1800 5,
1165 1755 1236 1801 1O;
1274 1753 1323 1800 X,
1363 1767 1425 1806 19,
1461 1766 1505 1801 2;
1540 1753 1612 1801 XI,

253 1817 318 1851 20,
345 1819 384 1852 1;
410 1806 500 1853 xll,
528 1821 561 1853 1,
585 1809 634 1846 ι’»ίὶ
654 1822 661 1853 ;
684 1808 791 1855 xlv,
814 1812 854 1855 4,
872 1809 909 1847 3.
