1747 2796
297 68 337 105 23
819 67 843 100 1.
878 64 1134 100 'apisTL‘LAlff

295 153 547 202 συγγνώμην,
573 153 742 201 ἕτοιμος
764 151 946 201 ἔφασκεν
971 149 1084 186 εἶναι
1103 153 1179 200 τὴν
1205 152 1277 186 τοῦ
1313 149 1522 198 Καίσαρος
1543 149 1657 200 ἔχειν

295 204 434 250 ἀξὶαν,
461 205 722 255 ἀποθέμενος
747 208 794 241 τὸ
820 205 1012 255 διάδημα,

980 319 998 342 C

350 377 553 416 Animian.
574 377 713 418 Marc..
739 377 825 421 λλ,
849 394 886 429 9,
909 379 931 413 1·-
951 391 958 414 :
986 376 1186 429 Ingressus
1221 376 1354 429 itaque
1374 375 1543 414 Parisios
1564 375 1659 414 Leo-

296 446 364 470 nas
399 437 603 484 susceptus
644 437 688 469 ut
728 431 946 469 honoratus
977 437 1014 469 et
1051 429 1239 482 prudens,
1279 429 1467 483 postridie
1486 428 1658 483 principi

296 499 497 538 progresso
529 485 568 523 in
601 498 789 537 campum
825 498 918 522 cum
961 483 1225 523 multitudine
1267 489 1418 523 armata
1451 483 1597 538 pariter
1621 489 1659 521 et

295 539 462 592 plebeia,
484 553 607 592 quam
632 539 679 577 de
702 538 900 577 industria
924 545 1172 584 convocarat,
1198 544 1235 577 et
1257 537 1466 584 tribunali,
1489 542 1535 576 ut
1561 536 1659 576 emi-

296 600 405 632 neret
426 592 560 639 altius,
584 592 839 646 superstanti,
860 592 1001 646 scripta
1021 591 1182 631 iubetur
1201 591 1356 631 offerre.
1376 591 1659 644 Replicatoque

296 647 501 686 volumine
524 647 640 686 edicti
667 645 775 700 quod
806 646 972 685 missum
995 652 1065 687 est,
1092 653 1130 685 et
1150 646 1224 698 legi
1250 645 1299 684 ab
1323 645 1484 685 exordio
1503 648 1656 698 coepto,

294 716 387 739 cum
409 708 575 741 ventum
609 700 742 739 fuisset
766 700 815 739 ad
846 700 978 739 locum
1018 701 1055 739 id
1089 697 1379 747 continentem,
1411 698 1519 753 quod
1551 704 1655 752 gesta

294 755 430 794 omnia
456 755 715 794 Constantius
752 754 969 808 inprobans
1003 754 1177 793 Caesaris
1210 760 1443 808 potestatem
1480 752 1660 792 sufficere

298 808 450 847 Iuliano
480 808 676 850 censebat.
700 808 994 847 exclamabatur
1027 807 1207 861 undique
1240 822 1382 847 vocum
1415 806 1657 847 terribilium

295 878 393 902 sonu
415 879 421 900 z
448 877 483 915 7.
511 880 529 899 <z
560 864 736 914 Auguste
774 862 926 901 Iuliane
952 879 989 905 ³).
1019 868 1060 900 ut
1081 862 1331 916 provincialis
1355 867 1392 901 et
1413 861 1526 901 miles
1545 867 1583 900 et
1604 862 1659 900 rei

295 917 477 970 publicae
515 915 685 956 decrerit
722 916 935 956 auctoritas
977 923 1170 955 recreatae
1202 915 1384 970 quidem,
1426 915 1493 954 sed
1529 915 1660 954 adhuc

297 971 512 1010 metuentis
533 971 726 1010 redivivos
749 970 1011 1009 barbarorum
1032 985 1230 1009 excursus.
1259 971 1297 1009 8.
1318 969 1474 1020 Quibus
1495 969 1657 1012 auditis,

298 1025 446 1064 Leonas
470 1039 561 1064 cum
595 1025 739 1063 Iuliani
761 1024 902 1064 litteris
927 1024 1021 1063 haee
1040 1024 1178 1063 eadem
1203 1023 1472 1063 indicantibus
1499 1023 1657 1063 revertit

297 1078 524 1125 incolumis,
547 1079 733 1132 solusque
753 1079 949 1117 admissus
966 1084 1020 1117 est
1046 1078 1094 1117 ad
1121 1079 1407 1132 praefecturam
1424 1077 1656 1124 Nebridius;

297 1132 336 1171 id
351 1134 459 1172 enim
482 1133 622 1172 Caesar
645 1147 806 1187 quoque
834 1132 1006 1171 scribens
1026 1147 1070 1172 ex
1105 1133 1300 1171 sententia
1334 1146 1402 1171 sua
1425 1132 1506 1170 fore
1527 1138 1659 1187 apert(-

297 1186 502 1240 praedixit.

351 1242 536 1287 Zonaras,
564 1241 674 1282 xlll.
699 1254 758 1283 ιο,
785 1241 856 1279 28:
884 1241 1118 1291 Ἀπογνοὺς
1145 1243 1288 1292 μέντοι
1306 1239 1407 1292 (scil.
1430 1242 1450 1278 ὅ
1468 1242 1657 1289 Λεωνόὶς1

296 1297 546 1347 δυνήσεσθαί.
577 1310 619 1332 τι
666 1298 745 1332 τῶν
790 1297 900 1345 αὐτῷ
945 1296 1318 1346 προστεταγμένων
1360 1296 1522 1338 ἀνύσαι,
1561 1296 1660 1332 ὑπέ-

297 1358 455 1401 στρεψε
484 1352 588 1401 μετὰ
612 1352 856 1400 γραμμάτων
878 1352 951 1386 τοῦ
982 1352 1324 1400 τυραννήσαντος
1351 1347 1451 1401 (scil.
1477 1347 1656 1397 Iuliani),

297 1405 476 1449 ἀναιδῶς
498 1403 787 1445 ὀνειδιζόντων
810 1406 881 1440 τὸν
908 1404 1194 1452 αὐτοκράτορα
1226 1406 1294 1440 καὶ
1316 1403 1657 1454 ἐπιπληττόντων

297 1458 354 1502 ὥς
374 1458 553 1495 πλεῖστα
576 1456 870 1507 ἐξαμαρτόντα
896 1459 1000 1494 κατὰ
1020 1461 1095 1494 τοῦ
1119 1459 1269 1507 γένους
1292 1458 1419 1494 αὐτοῦ
1450 1459 1518 1494 καὶ
1538 1458 1658 1494 ἀπει-

296 1512 475 1549 λούντων
508 1514 632 1548 αὐτὸν
662 1512 907 1562 γενήσεσθαι
936 1515 1112 1561 τιμωρὸν
1137 1514 1217 1548 τῶν
1244 1511 1395 1556 ἀδίκως
1423 1511 1655 1548 παθόντων.
1701 1524 1706 1544 ῖ

957 1675 1003 1710 18

352 1762 454 1800 Haec
479 1777 497 1800 a
527 1762 682 1800 Iuliano
713 1761 950 1815 proclamata
973 1775 1053 1800 esse
1078 1761 1196 1814 paulo
1223 1768 1431 1815 postquam
1455 1762 1659 1821 Augustus

297 1830 317 1854 a
343 1815 539 1854 militibus
555 1815 659 1869 apud
680 1815 847 1854 Parisios
868 1815 1062 1854 salutatus
1081 1815 1223 1862 suerat,
1245 1821 1380 1853 narrat
1401 1817 1655 1854 Ammianus.

299 1869 357 1908 Cf.
385 1869 677 1909 Gothosredum
702 1869 750 1907 ad
773 1869 864 1908 Cod.
894 1869 1093 1914 Theodos.,
1121 1869 1172 1915 ll,
1198 1884 1262 1922 29,
1292 1884 1322 1908 1.

350 1923 720 1965 Ammian.}1are..
757 1923 843 1970 XX,
871 1924 909 1966 5.
937 1938 956 1975 7
989 1937 996 1961 :
1037 1940 1055 1959 «
1093 1923 1146 1962 Ut
1175 1930 1313 1963 autem
1346 1938 1483 1962 rerum
1507 1923 1658 1976 integer
1699 1949 1703 1955 -

296 1977 393 2016 ordo
423 1984 614 2016 servetur.
642 1977 898 2031 praemiaque
922 1978 1101 2015 virorum
1126 1976 1292 2015 fortium
1317 1981 1508 2016 maneant
1531 1977 1659 2016 incor-

298 2037 430 2084 rupta.
466 2045 535 2070 nec
573 2032 741 2070 honores
771 2031 937 2070 ambitio
977 2030 1189 2084 praeripiat
1224 2030 1484 2077 clandestina,
1519 2030 1560 2069 id
1585 2031 1658 2069 sub

297 2087 508 2124 reverenda
530 2085 683 2124 consilii
709 2085 824 2124 vestri
860 2085 954 2123 facie
978 2090 1122 2131 statuo,
1158 2090 1203 2123 ut
1236 2099 1367 2138 neque
1401 2084 1526 2123 civilis
1547 2084 1660 2138 quis—

297 2153 419 2192 quam
445 2138 562 2178 iudex
584 2153 653 2178 nec
677 2138 842 2177 militiae
863 2144 1004 2185 rector,
1030 2138 1108 2177 alio
1142 2138 1318 2192 quodam
1342 2144 1496 2192 praeter
1517 2139 1658 2178 merita

298 2192 554 2244 suffragante,
587 2193 634 2231 ad
672 2193 866 2246 potiorem
905 2193 1035 2231 veniat
1070 2193 1256 2245 gradum.
1298 2206 1380 2231 non
1418 2192 1503 2231 sine
1534 2192 1657 2231 detri-

299 2252 435 2284 mento
455 2246 617 2299 pudoris
641 2261 700 2287 eo,
724 2247 793 2300 qui
828 2261 897 2300 pro
921 2246 1099 2299 quolibet
1123 2251 1253 2299 petere
1277 2246 1544 2300 temptaverit,
1581 2246 1660 2284 dis-

297 2314 464 2338 cessuro.
492 2317 510 2336 »

858 2436 902 2471 19
927 2432 1002 2484 [ep.
1029 2431 1105 2484 ὖἿ.

352 2521 456 2560 Haec
474 2521 639 2575 epistula
661 2536 759 2559 num
780 2535 909 2560 revera
933 2521 1074 2575 scripta
1095 2521 1144 2559 sit
1162 2535 1254 2560 cum
1275 2520 1454 2560 lulianus
1474 2521 1660 2560 adversus

1701 973 1742 1007 15

1701 1253 1743 1277 20
