1747 2796
177 613 247 649 438

285 102 347 145 ηε
805 99 833 132 1.
863 97 1123 132 EPISTULAE

281 182 477 228 ὑπέταξα
516 198 589 234 μου
620 184 724 232 τῷδε
760 186 816 232 τῷ
852 183 1115 233 διατάγματι·
1159 198 1176 217 (<
1219 185 1354 219 καίτοι
1389 182 1649 232 Χριστιανῶν

283 258 411 293 ὄντων
444 256 676 305 ἐφαμίλλων
715 258 771 304 τῷ
802 255 955 304 πλήθει
988 257 1068 290 τῶν
1090 254 1315 304 “Ελλήνων,
1357 255 1649 305 κατεχομένων

283 328 328 364 δὲ
361 329 410 379 τῇ
446 329 629 377 ἡμετέρα
676 328 925 375 παραινέσει
972 327 1128 377 μηδένα
1169 327 1355 377 μηδαμοῦ
1393 327 1648 364 ἀτακτεῖν»,

284 400 430 436 Ταῦτα
466 402 539 447 γάρ
576 400 689 435 ἐστιν
728 400 831 447 ὑπὲρ
868 400 977 448 ὑμῶν
1015 401 1089 435 τοῦ
1126 399 1357 435 ἐπισκόπου
1390 400 1444 434 τὰ
1466 400 1647 448 ῥήματα.

284 471 440 520 εΟρᾶτε
460 473 576 514 ὅπως
598 473 674 519 τὴν
697 472 902 520 ὑμετέραν
928 468 1130 515 εὐταξίαν
1148 472 1222 507 οὐκ
1237 471 1319 507 ἀπὸ
1340 473 1422 521 τῆς
1442 471 1651 520 ὑμετέρας

285 542 396 578 εἷναί
408 552 534 592 φησιν
552 544 731 591 γνώμης,
752 545 792 578 οἵ
812 556 856 591 γε
874 543 1067 587 ἄκοντες,
1084 544 1141 586 ὥς
1153 556 1198 591 γε
1213 542 1324 585 εἶπε,
1343 542 1573 593 κατέχεσθε
1584 541 1652 578 διὰ

285 617 365 659 τὰς
396 616 523 652 αὐτοῦ
548 616 824 663 παραινέσεις
843 627 850 660 ;
870 614 954 658 ‘Oq
986 614 1056 650 οὖν
1088 616 1316 664 κατήγορον
1345 616 1453 665 ὑμῶν
1476 614 1652 657 ἑκόντες

285 689 366 736 τῆς
381 687 548 730 πόλεως
562 685 756 730 διώξατε,
775 689 829 722 τὰ
850 687 987 736 πλήθη
1005 686 1050 722 δὲ
1069 687 1285 736 ὃμονοεῖτε
1301 689 1410 735 πρὸς
1430 687 1649 736 ἀλλήλους.

291 758 370 794 Καὶ
384 758 529 808 μηδεὶς
544 758 823 794 ἐναντιοὺσθω
839 758 940 808 μηδὲ
953 758 1160 805 ἂδικείτω,
1181 757 1273 808 μήθὃ
1285 759 1324 794 οἱ
1336 758 1654 808 πεπλανημένοι

286 834 380 873 τοῖς
405 830 538 878 ὀρθῶς
560 833 629 865 καὶ
651 830 822 873 δικαίως
857 833 961 874 τοὺς
997 831 1122 874 θεοὺς
1158 831 1438 879 θεραπεύουσι
1463 832 1568 866 κατὰ
1599 833 1653 866 τὰ

288 899 340 945 ἐξ,
361 903 513 945 αἰῶνος
536 903 632 951 ἡμῖν
656 902 988 951 παραδεδομένα,
1013 901 1104 951 μήθ’
1119 902 1159 937 οἱ
1173 902 1430 950 θεραπευταὶ
1445 904 1526 938 τῶν
1549 902 1651 938 θεῶν

288 974 536 1023 λυμαίνεσθε
557 977 654 1017 ταῖς
679 975 833 1017 οἰκίαις
866 975 889 1023 ἢ
922 972 1180 1022 διαρπάζετε
1204 976 1284 1010 τῶν
1323 975 1468 1024 ἀγνοίᾳ
1504 974 1651 1024 μᾶλλον

289 1047 312 1095 ἢ
336 1047 471 1096 γνώμῃ
496 1046 843 1095 πεπλανημένων.
873 1046 988 1095 Λόγῳ
1014 1045 1058 1081 δὲ
1089 1046 1310 1082 πείθεσθαι
1346 1047 1423 1096 χρὴ
1452 1048 1520 1081 καὶ
1542 1045 1654 1082 διδά·

290 1117 463 1153 σκεσθαι
491 1120 593 1160 τοὺς
631 1117 889 1165 ἀνθρώπους,
930 1118 975 1152 οὐ
1012 1118 1195 1166 πληγαῖς
1231 1117 1327 1153 οὐδὲ
1359 1117 1522 1166 ὕδρεσιν
1560 1116 1656 1152 οὐδὲ

292 1190 465 1237 αἰκισμῷ
487 1191 560 1224 τοῦ
583 1190 791 1238 σώματος.
817 1187 948 1232 Αὖθις
968 1189 1013 1224 δὲ
1039 1191 1106 1224 καὶ
1125 1189 1328 1233 πολλάκις
1350 1191 1540 1238 παραινῶ
1562 1191 1657 1231 τοῖς

292 1261 363 1296 ἐπὶ
386 1263 461 1309 τὴν
488 1261 617 1309 ἀληθῆ
651 1261 889 1297 θεοσέὸειαν
927 1262 1184 1311 ὁρμωμένοις
1224 1261 1348 1311 μηδὲν
1386 1261 1542 1297 ἀδικεῖν
1574 1262 1654 1296 τῶν

297 1331 522 1368 Γαλιλαίων
545 1334 598 1367 τὰ
620 1332 773 1381 πλήθη,
801 1332 901 1382 μηδὲ
937 1333 1214 1376 ἐπιτίθεσθαι,
1241 1333 1342 1383 μηδὲ
1371 1331 1554 1381 ὗθρίζε-ιν
1592 1332 1657 1375 εἷς

295 1405 465 1447 αὐτούς.
489 1402 650 1439 Ἐλεεῖν
673 1404 717 1439 δέ
738 1406 814 1453 χρὴ
845 1404 993 1454 μᾶλλον
1015 1405 1039 1454 ἢ
1066 1407 1197 1454 μισεῖν
1219 1407 1322 1448 τοὺς
1346 1404 1418 1441 ἐπὶ
1431 1407 1525 1448 τοῖς
1551 1406 1658 1454 μεγί-

295 1489 414 1519 στοις
457 1478 729 1523 πράττοντας
776 1478 925 1519 κακῶς·
970 1477 1160 1525 μέγιστον
1193 1478 1266 1525 γὰρ
1299 1478 1380 1512 τῶν
1426 1476 1555 1512 καλῶν
1600 1475 1657 1519 ὥς

297 1548 462 1596 ἀληθῶς
492 1549 515 1596 ἦ
561 1547 791 1586 θεοσέθεια,
835 1550 902 1583 καὶ
946 1549 1193 1583 τούναντίον
1234 1550 1314 1584 τῶν
1349 1550 1481 1584 κακῶν
1518 1548 1542 1597 ἡ
1565 1547 1658 1583 δυσ-

298 1619 455 1657 σέὸεια,
489 1619 720 1668 Συμὸαίνει
755 1619 800 1654 δὲ
832 1622 935 1663 τοὺς
970 1620 1051 1655 ἀπὸ
1087 1620 1189 1655 θεῶν
1225 1620 1297 1656 ἐπὶ
1334 1622 1438 1664 τοὺς
1482 1620 1657 1668 νεκροὺς

301 1693 368 1726 καὶ
406 1693 459 1726 τὰ
481 1691 663 1741 λείψανα
697 1692 1121 1740 μετατετραμμένους
1148 1693 1307 1740 ταύτην
1342 1692 1543 1727 ἀποτῖσαι
1579 1691 1655 1739 τὴν

298 1760 452 1812 ζημίαν
465 1778 532 1796 *222*
552 1763 610 1806 ὣς
633 1766 727 1806 τοῖς
750 1764 819 1812 μὲν
843 1763 1115 1812 ἐνεχομένοις
1138 1766 1222 1799 τινὶ
1242 1763 1538 1813 συναλγοῦμεν,
1564 1765 1659 1805 τοῖς

298 1833 343 1869 δὲ
367 1834 674 1883 ἀπολυομένοις
697 1837 765 1869 καὶ
780 1835 1028 1884 ἀφιεμένοις
1048 1836 1129 1871 ὑπὸ
1150 1836 1231 1871 τῶν
1255 1835 1356 1871 θεῶν
1380 1834 1655 1885 συνηδόμεθα.

352 1904 502 1954 Ἐδόθη
526 1907 576 1957 τῇ
602 1908 682 1941 τῶν
708 1905 915 1942 καλανδῶν
939 1905 1225 1957 Αὐγούστζων)
1246 1906 1288 1942 ἐν
1313 1905 1608 1957 ,Αντιοχ(εἰο,ι).

349 2038 370 2074 8
390 2038 434 2071 cs.
458 2051 492 2083 p.
522 2049 599 2081 172.
623 2049 675 2069 11.

348 2091 385 2127 *5
403 2104 453 2137 sq.
476 2090 656 2124 Sozomen.
679 2090 707 2121 V
735 2091 788 2126 15.
815 2102 869 2123 12.

352 2283 373 2318 6
394 2282 581 2328 και-,εἷχεσὺε
604 2281 729 2315 Reiske
753 2281 766 2324 Η
791 2280 810 2314 7
832 2278 979 2319 indum:
1004 2280 1134 2320 ἑλόντες
1153 2280 1293 2314 Klimek
1317 2281 1330 2324 Η
1355 2280 1400 2316 13
1413 2282 1553 2327 γνώμησ
1567 2280 1661 2321 θοὰ,

304 2348 393 2369 corr.
415 2335 524 2369 Petau
553 2337 566 2378 Η
597 2335 642 2370 14
662 2331 861 2379 ἀνθρώπους
882 2333 975 2374 cod.,
1012 2346 1053 2366 an
1087 2330 1274 2377 ἀνοήτουςῐ)
1299 2335 1344 2368 cf.
1379 2347 1414 2380 p.
1448 2333 1506 2380 73,
1546 2334 1585 2368 18
1607 2347 1659 2380 sq.

310 2391 324 2433 Η
349 2390 392 2425 15
411 2389 444 2422 δὲ
461 2389 637 2422 Hercher:
656 2400 690 2421 τε
708 2387 784 2420 cod.
808 2387 822 2431 Η
847 2386 891 2422 18
913 2384 963 2420 ἐπ”.
985 2401 991 2418 ;
1018 2401 1035 2418 (ι
1049 2387 1130 2420 fort.
1156 2387 1188 2421 ἐν
1203 2392 1243 2422 ut
1257 2387 1323 2426 422
1343 2387 1370 2420 B
1389 2388 1450 2433 [Ξ
1463 2400 1498 2434 p.
1517 2399 1574 2434 71.
1592 2388 1626 2433 7]
1642 2402 1667 2420 »-

308 2442 467 2476 Hertlein
491 2443 505 2485 Η
527 2441 570 2477 21
600 2441 702 2480 τοὺς1
742 2439 959 2486 Spanheim:
1067 2441 1143 2473 cod.
1176 2441 1192 2485 Η
1223 2440 1268 2476 22
1301 2438 1458 2475 ἀποτῖσαι
1481 2440 1660 2475 Hercher:

307 2496 462 2530 ἀποτζναι
496 2496 572 2529 cod.
613 2496 628 2539 Η
680 2494 726 2530 23
765 2494 924 2527 lacunam
957 2494 1166 2539 significavit
1203 2493 1362 2528 Hertlein
1402 2496 1417 2539 Η
1458 2494 1670 2542 ἐνεχομένοις

310 2555 352 2590 <
364 2548 453 2595 νόσῳ
468 2555 508 2589 >
524 2549 537 2581 Ξ)
558 2548 717 2582 Hertlein
1655 2547 1657 2549 ’

1714 471 1736 504 Ψ·

1697 839 1739 862 ΙΟ

1700 1186 1738 1220 15

1699 1557 1747 1580 20

1699 1906 1742 1942 25
