<?xml version="1.0" encoding="UTF-8"?>
<!DOCTYPE html PUBLIC "-//W3C//DTD XHTML 1.0 Transitional//EN"
    "http://www.w3.org/TR/xhtml1/DTD/xhtml1-transitional.dtd">
<html xmlns="http://www.w3.org/1999/xhtml" xml:lang="en" lang="en">
 <head>
  <title>
</title>
<meta http-equiv="Content-Type" content="text/html;charset=utf-8" />
  <meta name='ocr-system' content='tesseract 3.04.00' />
  <meta name='ocr-capabilities' content='ocr_page ocr_carea ocr_par ocr_line ocrx_word'/>
</head>
<body>
  <div class='ocr_page' id='page_1' title='image "./epistulaelegespo00juliuoft_0014.png"; bbox 0 0 1747 2796; ppageno 0'>
   <div class='ocr_carea' id='block_1_1' title="bbox 59 1131 204 1162">
    <p class='ocr_par' dir='ltr' id='par_1_1' title="bbox 59 1131 204 1162">
     <span class='ocr_line' id='line_1_1' title="bbox 59 1131 204 1162; baseline 0.007 -1"><span class='ocrx_word' id='word_1_1' title='bbox 59 1131 204 1162; x_wconf 57' lang='lat' dir='ltr'>(it-‹licv›</span> 
     </span>
    </p>
   </div>
   <div class='ocr_carea' id='block_1_2' title="bbox 241 109 1062 144">
    <p class='ocr_par' dir='ltr' id='par_1_2' title="bbox 241 109 1062 144">
     <span class='ocr_line' id='line_1_2' title="bbox 241 109 1062 144; baseline -0.001 -1"><span class='ocrx_word' id='word_1_2' title='bbox 241 123 276 144; x_wconf 75' lang='lat' dir='ltr'>vr</span> <span class='ocrx_word' id='word_1_3' title='bbox 795 109 1062 144; x_wconf 69' lang='lat' dir='ltr'>PRAEFATIO</span> 
     </span>
    </p>
   </div>
   <div class='ocr_carea' id='block_1_3' title="bbox 235 192 1609 1184">
    <p class='ocr_par' dir='ltr' id='par_1_3' title="bbox 235 192 1609 1096">
     <span class='ocr_line' id='line_1_3' title="bbox 238 192 1608 247; baseline -0.001 -11"><span class='ocrx_word' id='word_1_4' title='bbox 238 195 378 236; x_wconf 88' lang='lat' dir='ltr'>lorum</span> <span class='ocrx_word' id='word_1_5' title='bbox 417 195 470 236; x_wconf 92' lang='lat' dir='ltr'>ad</span> <span class='ocrx_word' id='word_1_6' title='bbox 508 194 731 236; x_wconf 83' lang='lat' dir='ltr'>libidinem</span> <span class='ocrx_word' id='word_1_7' title='bbox 763 209 886 236; x_wconf 92' lang='lat' dir='ltr'>suam</span> <span class='ocrx_word' id='word_1_8' title='bbox 922 194 1211 247; x_wconf 82' lang='lat' dir='ltr'>turbaverunt,</span> <span class='ocrx_word' id='word_1_9' title='bbox 1247 192 1383 236; x_wconf 87' lang='lat' dir='ltr'>multa</span> <span class='ocrx_word' id='word_1_10' title='bbox 1414 193 1608 236; x_wconf 82' lang='lat' dir='ltr'>consulto</span> 
     </span>
     <span class='ocr_line' id='line_1_4' title="bbox 238 264 1607 323; baseline -0.001 -15"><span class='ocrx_word' id='word_1_11' title='bbox 238 267 473 308; x_wconf 85' lang='lat' dir='ltr'>omiserunt</span> <span class='ocrx_word' id='word_1_12' title='bbox 491 281 598 323; x_wconf 86' lang='lat' dir='ltr'>quae</span> <span class='ocrx_word' id='word_1_13' title='bbox 618 266 750 322; x_wconf 89' lang='lat' dir='ltr'>impia</span> <span class='ocrx_word' id='word_1_14' title='bbox 768 266 831 321; x_wconf 25' lang='lat' dir='ltr'>‚eis</span> <span class='ocrx_word' id='word_1_15' title='bbox 851 265 1120 317; x_wconf 75' lang='lat' dir='ltr'>videbantur,</span> <span class='ocrx_word' id='word_1_16' title='bbox 1146 273 1186 307; x_wconf 91' lang='lat' dir='ltr'>et</span> <span class='ocrx_word' id='word_1_17' title='bbox 1205 280 1306 307; x_wconf 90' lang='lat' dir='ltr'>cum</span> <span class='ocrx_word' id='word_1_18' title='bbox 1326 265 1370 307; x_wconf 92' lang='lat' dir='ltr'>in</span> <span class='ocrx_word' id='word_1_19' title='bbox 1390 264 1607 321; x_wconf 88' lang='lat' dir='ltr'>florilegiis</span> 
     </span>
     <span class='ocr_line' id='line_1_5' title="bbox 238 337 1605 395; baseline -0.001 -16"><span class='ocrx_word' id='word_1_20' title='bbox 238 338 323 380; x_wconf 92' lang='lat' dir='ltr'>suis</span> <span class='ocrx_word' id='word_1_21' title='bbox 375 338 682 395; x_wconf 84' lang='lat' dir='ltr'>componendis</span> <span class='ocrx_word' id='word_1_22' title='bbox 722 337 820 395; x_wconf 81' lang='lat' dir='ltr'>styli</span> <span class='ocrx_word' id='word_1_23' title='bbox 869 337 1005 393; x_wconf 88' lang='lat' dir='ltr'>magis</span> <span class='ocrx_word' id='word_1_24' title='bbox 1044 351 1174 394; x_wconf 87' lang='lat' dir='ltr'>quam</span> <span class='ocrx_word' id='word_1_25' title='bbox 1219 351 1366 379; x_wconf 89' lang='lat' dir='ltr'>sensus</span> <span class='ocrx_word' id='word_1_26' title='bbox 1400 337 1605 379; x_wconf 87' lang='lat' dir='ltr'>rationem</span> 
     </span>
     <span class='ocr_line' id='line_1_6' title="bbox 236 408 1608 466; baseline -0.001 -15"><span class='ocrx_word' id='word_1_27' title='bbox 236 409 453 464; x_wconf 82' lang='lat' dir='ltr'>haberent,</span> <span class='ocrx_word' id='word_1_28' title='bbox 507 409 707 466; x_wconf 77' lang='lat' dir='ltr'>epistulas</span> <span class='ocrx_word' id='word_1_29' title='bbox 759 409 986 458; x_wconf 79' lang='lat' dir='ltr'>inaniores,</span> <span class='ocrx_word' id='word_1_30' title='bbox 1036 409 1163 450; x_wconf 86' lang='lat' dir='ltr'>etiam</span> <span class='ocrx_word' id='word_1_31' title='bbox 1213 409 1392 465; x_wconf 83' lang='lat' dir='ltr'>spuriaS‚</span> <span class='ocrx_word' id='word_1_32' title='bbox 1443 408 1608 466; x_wconf 87' lang='lat' dir='ltr'>saepius</span> 
     </span>
     <span class='ocr_line' id='line_1_7' title="bbox 236 480 1607 538; baseline -0.001 -15"><span class='ocrx_word' id='word_1_33' title='bbox 236 482 466 538; x_wconf 86' lang='lat' dir='ltr'>elegerunt,</span> <span class='ocrx_word' id='word_1_34' title='bbox 487 482 687 538; x_wconf 78' lang='lat' dir='ltr'>neglectis</span> <span class='ocrx_word' id='word_1_35' title='bbox 713 480 1015 537; x_wconf 86' lang='lat' dir='ltr'>gravioribus¹.</span> <span class='ocrx_word' id='word_1_36' title='bbox 1042 480 1208 522; x_wconf 82' lang='lat' dir='ltr'>Deinde</span> <span class='ocrx_word' id='word_1_37' title='bbox 1225 480 1400 535; x_wconf 82' lang='lat' dir='ltr'>scribae,</span> <span class='ocrx_word' id='word_1_38' title='bbox 1431 480 1537 522; x_wconf 89' lang='lat' dir='ltr'>alius</span> <span class='ocrx_word' id='word_1_39' title='bbox 1557 495 1607 521; x_wconf 85' lang='lat' dir='ltr'>ex</span> 
     </span>
     <span class='ocr_line' id='line_1_8' title="bbox 236 552 1608 610; baseline 0 -16"><span class='ocrx_word' id='word_1_40' title='bbox 236 553 317 595; x_wconf 87' lang='lat' dir='ltr'>alio</span> <span class='ocrx_word' id='word_1_41' title='bbox 350 553 473 606; x_wconf 85' lang='lat' dir='ltr'>libro,</span> <span class='ocrx_word' id='word_1_42' title='bbox 504 568 725 610; x_wconf 88' lang='lat' dir='ltr'>suppressa</span> <span class='ocrx_word' id='word_1_43' title='bbox 764 552 960 609; x_wconf 86' lang='lat' dir='ltr'>supplere</span> <span class='ocrx_word' id='word_1_44' title='bbox 986 552 1201 594; x_wconf 85' lang='lat' dir='ltr'>interdum</span> <span class='ocrx_word' id='word_1_45' title='bbox 1229 552 1368 594; x_wconf 89' lang='lat' dir='ltr'>conati</span> <span class='ocrx_word' id='word_1_46' title='bbox 1400 559 1513 594; x_wconf 87' lang='lat' dir='ltr'>sunt.</span> <span class='ocrx_word' id='word_1_47' title='bbox 1545 552 1608 594; x_wconf 86' lang='lat' dir='ltr'>Ita</span> 
     </span>
     <span class='ocr_line' id='line_1_9' title="bbox 237 624 1606 681; baseline -0.001 -15"><span class='ocrx_word' id='word_1_48' title='bbox 237 626 382 666; x_wconf 80' lang='lat' dir='ltr'>effectu</span> <span class='ocrx_word' id='word_1_49' title='bbox 391 640 430 666; x_wconf 88' lang='lat' dir='ltr'>m</span> <span class='ocrx_word' id='word_1_50' title='bbox 447 633 508 667; x_wconf 82' lang='lat' dir='ltr'>est</span> <span class='ocrx_word' id='word_1_51' title='bbox 528 625 808 681; x_wconf 88' lang='lat' dir='ltr'>utperraroin</span> <span class='ocrx_word' id='word_1_52' title='bbox 824 624 1043 666; x_wconf 86' lang='lat' dir='ltr'>codicibus</span> <span class='ocrx_word' id='word_1_53' title='bbox 1058 624 1213 665; x_wconf 85' lang='lat' dir='ltr'>nostris</span> <span class='ocrx_word' id='word_1_54' title='bbox 1231 624 1335 666; x_wconf 93' lang='lat' dir='ltr'>ordo</span> <span class='ocrx_word' id='word_1_55' title='bbox 1349 631 1389 665; x_wconf 90' lang='lat' dir='ltr'>et</span> <span class='ocrx_word' id='word_1_56' title='bbox 1402 639 1606 666; x_wconf 87' lang='lat' dir='ltr'>numerus</span> 
     </span>
     <span class='ocr_line' id='line_1_10' title="bbox 235 695 1609 753; baseline 0 -16"><span class='ocrx_word' id='word_1_57' title='bbox 235 696 513 753; x_wconf 80' lang='lat' dir='ltr'>epistularum</span> <span class='ocrx_word' id='word_1_58' title='bbox 541 696 821 738; x_wconf 80' lang='lat' dir='ltr'>consentiant.</span> <span class='ocrx_word' id='word_1_59' title='bbox 859 696 1072 738; x_wconf 80' lang='lat' dir='ltr'>Nonnulla</span> <span class='ocrx_word' id='word_1_60' title='bbox 1103 711 1210 752; x_wconf 90' lang='lat' dir='ltr'>quae</span> <span class='ocrx_word' id='word_1_61' title='bbox 1239 696 1367 738; x_wconf 91' lang='lat' dir='ltr'>hodie</span> <span class='ocrx_word' id='word_1_62' title='bbox 1391 695 1609 753; x_wconf 84' lang='lat' dir='ltr'>perierunt</span> 
     </span>
     <span class='ocr_line' id='line_1_11' title="bbox 236 767 1607 825; baseline -0.001 -16"><span class='ocrx_word' id='word_1_63' title='bbox 236 769 486 824; x_wconf 88' lang='lat' dir='ltr'>legebantur</span> <span class='ocrx_word' id='word_1_64' title='bbox 513 783 613 810; x_wconf 89' lang='lat' dir='ltr'>aevo</span> <span class='ocrx_word' id='word_1_65' title='bbox 641 768 811 819; x_wconf 76' lang='lat' dir='ltr'>Suidae,</span> <span class='ocrx_word' id='word_1_66' title='bbox 844 768 967 809; x_wconf 85' lang='lat' dir='ltr'>cuius</span> <span class='ocrx_word' id='word_1_67' title='bbox 988 775 1181 825; x_wconf 85' lang='lat' dir='ltr'>excerpta</span> <span class='ocrx_word' id='word_1_68' title='bbox 1200 775 1440 810; x_wconf 86' lang='lat' dir='ltr'>monstrant</span> <span class='ocrx_word' id='word_1_69' title='bbox 1458 767 1607 825; x_wconf 89' lang='lat' dir='ltr'>quanti</span> 
     </span>
     <span class='ocr_line' id='line_1_12' title="bbox 236 839 1606 896; baseline -0.001 -15"><span class='ocrx_word' id='word_1_70' title='bbox 236 856 259 881; x_wconf 89' lang='lat' dir='ltr'>a</span> <span class='ocrx_word' id='word_1_71' title='bbox 296 840 540 896; x_wconf 80' lang='lat' dir='ltr'>Byzantinis</span> <span class='ocrx_word' id='word_1_72' title='bbox 579 840 871 881; x_wconf 79' lang='lat' dir='ltr'>aestimaretur</span> <span class='ocrx_word' id='word_1_73' title='bbox 913 839 1089 881; x_wconf 86' lang='lat' dir='ltr'>Iulianei</span> <span class='ocrx_word' id='word_1_74' title='bbox 1115 839 1324 881; x_wconf 89' lang='lat' dir='ltr'>sermonis</span> <span class='ocrx_word' id='word_1_75' title='bbox 1362 839 1606 896; x_wconf 86' lang='lat' dir='ltr'>incorrupta</span> 
     </span>
     <span class='ocr_line' id='line_1_13' title="bbox 238 910 1606 968; baseline -0.001 -15"><span class='ocrx_word' id='word_1_76' title='bbox 238 912 412 967; x_wconf 87' lang='lat' dir='ltr'>puritas,</span> <span class='ocrx_word' id='word_1_77' title='bbox 445 911 516 953; x_wconf 89' lang='lat' dir='ltr'>sed</span> <span class='ocrx_word' id='word_1_78' title='bbox 544 912 706 953; x_wconf 86' lang='lat' dir='ltr'>Tzetzes</span> <span class='ocrx_word' id='word_1_79' title='bbox 727 919 768 952; x_wconf 86' lang='lat' dir='ltr'>et</span> <span class='ocrx_word' id='word_1_80' title='bbox 786 919 933 952; x_wconf 81' lang='lat' dir='ltr'>auctor</span> <span class='ocrx_word' id='word_1_81' title='bbox 952 911 1090 964; x_wconf 83' lang='lat' dir='ltr'>lexici⁷</span> <span class='ocrx_word' id='word_1_82' title='bbox 1114 911 1230 968; x_wconf 91' lang='lat' dir='ltr'>quod</span> <span class='ocrx_word' id='word_1_83' title='bbox 1250 911 1420 965; x_wconf 89' lang='lat' dir='ltr'>dicitur,</span> <span class='ocrx_word' id='word_1_84' title='bbox 1447 910 1606 952; x_wconf 89' lang='lat' dir='ltr'>Vindo-</span> 
     </span>
     <span class='ocr_line' id='line_1_14' title="bbox 238 982 1606 1040; baseline 0.001 -17"><span class='ocrx_word' id='word_1_85' title='bbox 238 983 435 1024; x_wconf 89' lang='lat' dir='ltr'>bonensis</span> <span class='ocrx_word' id='word_1_86' title='bbox 477 998 526 1024; x_wconf 86' lang='lat' dir='ltr'>ex</span> <span class='ocrx_word' id='word_1_87' title='bbox 569 983 635 1024; x_wconf 91' lang='lat' dir='ltr'>his</span> <span class='ocrx_word' id='word_1_88' title='bbox 681 990 846 1024; x_wconf 86' lang='lat' dir='ltr'>tanturn</span> <span class='ocrx_word' id='word_1_89' title='bbox 894 998 1002 1039; x_wconf 88' lang='lat' dir='ltr'>quae</span> <span class='ocrx_word' id='word_1_90' title='bbox 1042 991 1262 1024; x_wconf 89' lang='lat' dir='ltr'>servantur</span> <span class='ocrx_word' id='word_1_91' title='bbox 1300 982 1491 1040; x_wconf 86' lang='lat' dir='ltr'>epistulis</span> <span class='ocrx_word' id='word_1_92' title='bbox 1531 997 1606 1024; x_wconf 87' lang='lat' dir='ltr'>sua</span> 
     </span>
     <span class='ocr_line' id='line_1_15' title="bbox 238 1054 509 1096; baseline 0 -1"><span class='ocrx_word' id='word_1_93' title='bbox 238 1054 470 1096; x_wconf 89' lang='lat' dir='ltr'>hauserunt</span> <span class='ocrx_word' id='word_1_94' title='bbox 483 1054 509 1095; x_wconf 73' lang='lat'>².</span> 
     </span>
    </p>

    <p class='ocr_par' dir='ltr' id='par_1_4' title="bbox 301 1125 1607 1184">
     <span class='ocr_line' id='line_1_16' title="bbox 301 1125 1607 1184; baseline 0.001 -17"><span class='ocrx_word' id='word_1_95' title='bbox 301 1125 510 1168; x_wconf 88' lang='lat' dir='ltr'>Codicum</span> <span class='ocrx_word' id='word_1_96' title='bbox 533 1127 728 1168; x_wconf 89' lang='lat' dir='ltr'>omnium</span> <span class='ocrx_word' id='word_1_97' title='bbox 749 1127 822 1184; x_wconf 89' lang='lat' dir='ltr'>qui</span> <span class='ocrx_word' id='word_1_98' title='bbox 846 1127 996 1169; x_wconf 85' lang='lat' dir='ltr'>Iuliani</span> <span class='ocrx_word' id='word_1_99' title='bbox 1014 1142 1140 1183; x_wconf 86' lang='lat' dir='ltr'>opera</span> <span class='ocrx_word' id='word_1_100' title='bbox 1154 1127 1370 1182; x_wconf 88' lang='lat' dir='ltr'>praebent,</span> <span class='ocrx_word' id='word_1_101' title='bbox 1394 1133 1607 1183; x_wconf 83' lang='lat' dir='ltr'>praestan-</span> 
     </span>
    </p>
   </div>
   <div class='ocr_carea' id='block_1_4' title="bbox 196 1197 1601 1255">
    <p class='ocr_par' dir='ltr' id='par_1_5' title="bbox 196 1197 1601 1255">
     <span class='ocr_line' id='line_1_17' title="bbox 196 1197 1601 1255; baseline 0 -15"><span class='ocrx_word' id='word_1_102' title='bbox 196 1211 205 1230; x_wconf 76' lang='lat'>‹&#39;</span> <span class='ocrx_word' id='word_1_103' title='bbox 241 1198 431 1240; x_wconf 80' lang='lat' dir='ltr'>tissimus</span> <span class='ocrx_word' id='word_1_104' title='bbox 452 1206 512 1240; x_wconf 88' lang='lat' dir='ltr'>est</span> <span class='ocrx_word' id='word_1_105' title='bbox 538 1198 757 1241; x_wconf 79' lang='lat' dir='ltr'>Vossianus</span> <span class='ocrx_word' id='word_1_106' title='bbox 778 1199 853 1241; x_wconf 89' lang='lat' dir='ltr'>Gr.</span> <span class='ocrx_word' id='word_1_107' title='bbox 875 1198 1014 1240; x_wconf 91' lang='lat' dir='ltr'>in-sol.</span> <span class='ocrx_word' id='word_1_108' title='bbox 1038 1214 1109 1255; x_wconf 84' lang='lat'>77,</span> <span class='ocrx_word' id='word_1_109' title='bbox 1138 1206 1164 1239; x_wconf 90' lang='lat' dir='ltr'>t.</span> <span class='ocrx_word' id='word_1_110' title='bbox 1192 1197 1269 1251; x_wconf 89' lang='lat' dir='ltr'>III,</span> <span class='ocrx_word' id='word_1_111' title='bbox 1288 1198 1470 1240; x_wconf 88' lang='lat' dir='ltr'>chartac.</span> <span class='ocrx_word' id='word_1_112' title='bbox 1493 1213 1601 1240; x_wconf 87' lang='lat' dir='ltr'>saec.</span> 
     </span>
    </p>
   </div>
   <div class='ocr_carea' id='block_1_5' title="bbox 237 1269 1607 1829">
    <p class='ocr_par' dir='ltr' id='par_1_6' title="bbox 237 1269 1607 1829">
     <span class='ocr_line' id='line_1_18' title="bbox 242 1269 1607 1327; baseline -0.001 -14"><span class='ocrx_word' id='word_1_113' title='bbox 242 1270 345 1313; x_wconf 81' lang='lat' dir='ltr'>XIII</span> <span class='ocrx_word' id='word_1_114' title='bbox 374 1270 574 1324; x_wconf 84' lang='lat' dir='ltr'>ineuntis,</span> <span class='ocrx_word' id='word_1_115' title='bbox 612 1271 686 1327; x_wconf 86' lang='lat' dir='ltr'>qui</span> <span class='ocrx_word' id='word_1_116' title='bbox 724 1279 820 1327; x_wconf 87' lang='lat' dir='ltr'>post</span> <span class='ocrx_word' id='word_1_117' title='bbox 845 1271 1054 1312; x_wconf 85' lang='lat' dir='ltr'>orationes</span> <span class='ocrx_word' id='word_1_118' title='bbox 1090 1269 1244 1311; x_wconf 88' lang='lat' dir='ltr'>Iuliani</span> <span class='ocrx_word' id='word_1_119' title='bbox 1278 1285 1394 1312; x_wconf 89' lang='lat' dir='ltr'>nunc</span> <span class='ocrx_word' id='word_1_120' title='bbox 1421 1270 1607 1312; x_wconf 89' lang='lat' dir='ltr'>continet</span> 
     </span>
     <span class='ocr_line' id='line_1_19' title="bbox 239 1342 1604 1399; baseline 0.001 -17"><span class='ocrx_word' id='word_1_121' title='bbox 239 1342 437 1398; x_wconf 86' lang='lat' dir='ltr'>epistulas</span> <span class='ocrx_word' id='word_1_122' title='bbox 465 1342 613 1398; x_wconf 87' lang='lat' dir='ltr'>viginti</span> <span class='ocrx_word' id='word_1_123' title='bbox 639 1350 814 1399; x_wconf 83' lang='lat' dir='ltr'>septem.</span> <span class='ocrx_word' id='word_1_124' title='bbox 846 1342 994 1384; x_wconf 89' lang='lat' dir='ltr'>Plures</span> <span class='ocrx_word' id='word_1_125' title='bbox 1032 1350 1153 1384; x_wconf 89' lang='lat' dir='ltr'>antea</span> <span class='ocrx_word' id='word_1_126' title='bbox 1194 1342 1238 1383; x_wconf 90' lang='lat' dir='ltr'>in</span> <span class='ocrx_word' id='word_1_127' title='bbox 1284 1357 1332 1384; x_wconf 90' lang='lat' dir='ltr'>eo</span> <span class='ocrx_word' id='word_1_128' title='bbox 1370 1342 1604 1396; x_wconf 78' lang='lat' dir='ltr'>exstabant,</span> 
     </span>
     <span class='ocr_line' id='line_1_20' title="bbox 237 1413 1601 1471; baseline 0.001 -17"><span class='ocrx_word' id='word_1_129' title='bbox 237 1428 337 1455; x_wconf 83' lang='lat' dir='ltr'>nam</span> <span class='ocrx_word' id='word_1_130' title='bbox 365 1414 459 1455; x_wconf 86' lang='lat' dir='ltr'>solia</span> <span class='ocrx_word' id='word_1_131' title='bbox 488 1414 696 1471; x_wconf 86' lang='lat' dir='ltr'>quaedam</span> <span class='ocrx_word' id='word_1_132' title='bbox 722 1415 765 1455; x_wconf 89' lang='lat' dir='ltr'>in</span> <span class='ocrx_word' id='word_1_133' title='bbox 787 1414 927 1456; x_wconf 90' lang='lat' dir='ltr'>media</span> <span class='ocrx_word' id='word_1_134' title='bbox 955 1414 1058 1455; x_wconf 87' lang='lat' dir='ltr'>serie</span> <span class='ocrx_word' id='word_1_135' title='bbox 1085 1422 1125 1456; x_wconf 90' lang='lat' dir='ltr'>et</span> <span class='ocrx_word' id='word_1_136' title='bbox 1150 1414 1194 1455; x_wconf 91' lang='lat' dir='ltr'>in</span> <span class='ocrx_word' id='word_1_137' title='bbox 1215 1414 1299 1456; x_wconf 90' lang='lat' dir='ltr'>fine</span> <span class='ocrx_word' id='word_1_138' title='bbox 1319 1413 1461 1456; x_wconf 86' lang='lat' dir='ltr'>avulsa</span> <span class='ocrx_word' id='word_1_139' title='bbox 1489 1422 1601 1455; x_wconf 86' lang='lat' dir='ltr'>sunt.</span> 
     </span>
     <span class='ocr_line' id='line_1_21' title="bbox 238 1485 1606 1542; baseline 0 -16"><span class='ocrx_word' id='word_1_140' title='bbox 238 1485 355 1536; x_wconf 85' lang='lat' dir='ltr'>Quae</span> <span class='ocrx_word' id='word_1_141' title='bbox 391 1485 513 1526; x_wconf 91' lang='lat' dir='ltr'>nobis</span> <span class='ocrx_word' id='word_1_142' title='bbox 546 1485 654 1527; x_wconf 83' lang='lat' dir='ltr'>foliis</span> <span class='ocrx_word' id='word_1_143' title='bbox 696 1486 907 1542; x_wconf 59' lang='lat' dir='ltr'>128-139v</span> <span class='ocrx_word' id='word_1_144' title='bbox 941 1493 1124 1527; x_wconf 84' lang='lat' dir='ltr'>servatae</span> <span class='ocrx_word' id='word_1_145' title='bbox 1163 1493 1275 1538; x_wconf 87' lang='lat' dir='ltr'>sunt,</span> <span class='ocrx_word' id='word_1_146' title='bbox 1311 1485 1377 1527; x_wconf 90' lang='lat' dir='ltr'>his</span> <span class='ocrx_word' id='word_1_147' title='bbox 1415 1485 1606 1527; x_wconf 90' lang='lat' dir='ltr'>numeris</span> 
     </span>
     <span class='ocr_line' id='line_1_22' title="bbox 238 1557 1605 1614; baseline 0 -16"><span class='ocrx_word' id='word_1_148' title='bbox 238 1557 408 1598; x_wconf 82' lang='lat' dir='ltr'>Graecis</span> <span class='ocrx_word' id='word_1_149' title='bbox 435 1557 477 1598; x_wconf 92' lang='lat' dir='ltr'>in</span> <span class='ocrx_word' id='word_1_150' title='bbox 506 1558 697 1613; x_wconf 83' lang='lat' dir='ltr'>margine</span> <span class='ocrx_word' id='word_1_151' title='bbox 731 1558 888 1599; x_wconf 84' lang='lat' dir='ltr'>codicis</span> <span class='ocrx_word' id='word_1_152' title='bbox 921 1558 1143 1613; x_wconf 83' lang='lat' dir='ltr'>signantur</span> <span class='ocrx_word' id='word_1_153' title='bbox 1175 1557 1372 1614; x_wconf 88' lang='lat' dir='ltr'>(stellulis</span> <span class='ocrx_word' id='word_1_154' title='bbox 1406 1565 1605 1599; x_wconf 82' lang='lat' dir='ltr'>notamus</span> 
     </span>
     <span class='ocr_line' id='line_1_23' title="bbox 238 1627 1600 1685; baseline 0.001 -16"><span class='ocrx_word' id='word_1_155' title='bbox 238 1644 345 1684; x_wconf 86' lang='lat' dir='ltr'>quae</span> <span class='ocrx_word' id='word_1_156' title='bbox 359 1629 701 1685; x_wconf 84' lang='lat' dir='ltr'>interciderunt):</span> <span class='ocrx_word' id='word_1_157' title='bbox 722 1629 757 1673; x_wconf 62' lang='grc' dir='ltr'>χ’</span> <span class='ocrx_word' id='word_1_158' title='bbox 773 1645 787 1670; x_wconf 95' lang='grc'>1</span> <span class='ocrx_word' id='word_1_159' title='bbox 803 1644 871 1683; x_wconf 84' lang='grc' dir='ltr'>1ο,</span> <span class='ocrx_word' id='word_1_160' title='bbox 889 1651 923 1683; x_wconf 78' lang='lat'>*,</span> <span class='ocrx_word' id='word_1_161' title='bbox 938 1628 975 1685; x_wconf 79' lang='grc' dir='ltr'>γ’</span> <span class='ocrx_word' id='word_1_162' title='bbox 997 1630 1094 1683; x_wconf 90' lang='grc'><strong>188,</strong></span> <span class='ocrx_word' id='word_1_163' title='bbox 1114 1628 1144 1672; x_wconf 70' lang='grc' dir='ltr'>δ’</span> <span class='ocrx_word' id='word_1_164' title='bbox 1168 1629 1264 1683; x_wconf 87' lang='grc'><strong>108,</strong></span> <span class='ocrx_word' id='word_1_165' title='bbox 1282 1628 1313 1672; x_wconf 76' lang='grc' dir='ltr'>ε’</span> <span class='ocrx_word' id='word_1_166' title='bbox 1332 1644 1346 1670; x_wconf 92' lang='grc'>1</span> <span class='ocrx_word' id='word_1_167' title='bbox 1363 1643 1429 1681; x_wconf 85' lang='lat'>12,</span> <span class='ocrx_word' id='word_1_168' title='bbox 1445 1627 1485 1682; x_wconf 80' lang='grc' dir='ltr'>ς’</span> <span class='ocrx_word' id='word_1_169' title='bbox 1503 1643 1600 1685; x_wconf 88' lang='grc'><strong>107,</strong></span> 
     </span>
     <span class='ocr_line' id='line_1_24' title="bbox 240 1699 1600 1759; baseline 0.001 -18"><span class='ocrx_word' id='word_1_170' title='bbox 240 1701 312 1753; x_wconf 83' lang='grc'>33,</span> <span class='ocrx_word' id='word_1_171' title='bbox 341 1699 376 1754; x_wconf 51' lang='grc' dir='ltr'>η]</span> <span class='ocrx_word' id='word_1_172' title='bbox 407 1701 478 1751; x_wconf 79' lang='lat'>28,</span> <span class='ocrx_word' id='word_1_173' title='bbox 503 1700 535 1744; x_wconf 71' lang='grc' dir='ltr'>θ’</span> <span class='ocrx_word' id='word_1_174' title='bbox 566 1716 618 1756; x_wconf 85' lang='grc'>97</span> <span class='ocrx_word' id='word_1_175' title='bbox 646 1702 711 1758; x_wconf 89' lang='lat' dir='ltr'>(p.</span> <span class='ocrx_word' id='word_1_176' title='bbox 752 1702 848 1755; x_wconf 71' lang='lat'>154,</span> <span class='ocrx_word' id='word_1_177' title='bbox 880 1700 998 1759; x_wconf 71' lang='grc'><strong>4-9),</strong></span> <span class='ocrx_word' id='word_1_178' title='bbox 1030 1700 1053 1744; x_wconf 44' lang='grc' dir='ltr'>ι]</span> <span class='ocrx_word' id='word_1_179' title='bbox 1086 1716 1185 1756; x_wconf 75' lang='grc'><strong>190,</strong></span> <span class='ocrx_word' id='word_1_180' title='bbox 1223 1699 1272 1744; x_wconf 70' lang='grc' dir='ltr'>’.κ’</span> <span class='ocrx_word' id='word_1_181' title='bbox 1311 1715 1410 1756; x_wconf 88' lang='lat'>191,</span> <span class='ocrx_word' id='word_1_182' title='bbox 1441 1700 1494 1754; x_wconf 76' lang='grc' dir='ltr'>ιβ’</span> <span class='ocrx_word' id='word_1_183' title='bbox 1532 1702 1600 1753; x_wconf 65' lang='lat' dir='ltr'>rh,</span> 
     </span>
     <span class='ocr_line' id='line_1_25' title="bbox 246 1772 1600 1829; baseline 0.001 -17"><span class='ocrx_word' id='word_1_184' title='bbox 246 1772 341 1827; x_wconf 74' lang='lat'>193,</span> <span class='ocrx_word' id='word_1_185' title='bbox 374 1772 417 1815; x_wconf 57' lang='grc' dir='ltr'>ιδ’</span> <span class='ocrx_word' id='word_1_186' title='bbox 456 1773 942 1826; x_wconf 66' lang='lat' dir='ltr'>19‚s1‚**ss********ss‚</span> <span class='ocrx_word' id='word_1_187' title='bbox 992 1774 1089 1825; x_wconf 76' lang='lat'>180,</span> <span class='ocrx_word' id='word_1_188' title='bbox 1121 1772 1183 1826; x_wconf 61' lang='grc' dir='ltr'>κη’</span> <span class='ocrx_word' id='word_1_189' title='bbox 1219 1773 1318 1826; x_wconf 60' lang='grc'><strong>204,</strong></span> <span class='ocrx_word' id='word_1_190' title='bbox 1359 1774 1412 1829; x_wconf 77' lang='grc'>75</span> <span class='ocrx_word' id='word_1_191' title='bbox 1446 1772 1489 1825; x_wconf 83' lang='lat' dir='ltr'>b,</span> <span class='ocrx_word' id='word_1_192' title='bbox 1527 1773 1600 1825; x_wconf 79' lang='lat'>85,</span> 
     </span>
    </p>
   </div>
   <div class='ocr_carea' id='block_1_6' title="bbox 235 1913 1604 2604">
    <p class='ocr_par' dir='ltr' id='par_1_7' title="bbox 235 1913 1604 2334">
     <span class='ocr_line' id='line_1_26' title="bbox 290 1913 1601 1960; baseline 0 -13"><span class='ocrx_word' id='word_1_193' title='bbox 290 1926 320 1947; x_wconf 94' lang='lat'>1.</span> <span class='ocrx_word' id='word_1_194' title='bbox 350 1913 438 1946; x_wconf 83' lang='lat' dir='ltr'>Vide</span> <span class='ocrx_word' id='word_1_195' title='bbox 468 1926 520 1947; x_wconf 82' lang='lat' dir='ltr'>ex.</span> <span class='ocrx_word' id='word_1_196' title='bbox 551 1927 602 1960; x_wconf 86' lang='lat' dir='ltr'>gr.</span> <span class='ocrx_word' id='word_1_197' title='bbox 623 1914 715 1947; x_wconf 81' lang='lat' dir='ltr'>infra</span> <span class='ocrx_word' id='word_1_198' title='bbox 743 1927 778 1960; x_wconf 88' lang='lat' dir='ltr'>p.</span> <span class='ocrx_word' id='word_1_199' title='bbox 804 1927 841 1947; x_wconf 86' lang='lat' dir='ltr'>1x</span> <span class='ocrx_word' id='word_1_200' title='bbox 867 1915 1024 1960; x_wconf 79' lang='lat' dir='ltr'>syllogcn</span> <span class='ocrx_word' id='word_1_201' title='bbox 1057 1914 1219 1948; x_wconf 85' lang='lat' dir='ltr'>codicum</span> <span class='ocrx_word' id='word_1_202' title='bbox 1239 1914 1382 1957; x_wconf 68' lang='grc' dir='ltr'>ιῙΚΓΘ,</span> <span class='ocrx_word' id='word_1_203' title='bbox 1406 1914 1461 1947; x_wconf 84' lang='lat' dir='ltr'>vel</span> <span class='ocrx_word' id='word_1_204' title='bbox 1492 1927 1527 1960; x_wconf 88' lang='lat' dir='ltr'>p.</span> <span class='ocrx_word' id='word_1_205' title='bbox 1551 1927 1601 1947; x_wconf 82' lang='lat' dir='ltr'>xn</span> 
     </span>
     <span class='ocr_line' id='line_1_27' title="bbox 237 1967 1604 2014; baseline 0.001 -15"><span class='ocrx_word' id='word_1_206' title='bbox 237 1967 506 2012; x_wconf 85' lang='lat' dir='ltr'>descriptionem</span> <span class='ocrx_word' id='word_1_207' title='bbox 529 1967 656 2001; x_wconf 77' lang='lat' dir='ltr'>codicis</span> <span class='ocrx_word' id='word_1_208' title='bbox 673 1967 718 2008; x_wconf 92' lang='lat' dir='ltr'>Y,</span> <span class='ocrx_word' id='word_1_209' title='bbox 741 1968 802 2013; x_wconf 87' lang='lat' dir='ltr'>qui</span> <span class='ocrx_word' id='word_1_210' title='bbox 825 1968 1013 2001; x_wconf 87' lang='lat' dir='ltr'>nonnullas</span> <span class='ocrx_word' id='word_1_211' title='bbox 1037 1968 1172 2014; x_wconf 84' lang='lat' dir='ltr'>spurias</span> <span class='ocrx_word' id='word_1_212' title='bbox 1194 1967 1360 2014; x_wconf 81' lang='lat' dir='ltr'>epistulas</span> <span class='ocrx_word' id='word_1_213' title='bbox 1383 1973 1495 2001; x_wconf 78' lang='lat' dir='ltr'>servat</span> <span class='ocrx_word' id='word_1_214' title='bbox 1514 1968 1604 2001; x_wconf 85' lang='lat' dir='ltr'>inte-</span> 
     </span>
     <span class='ocr_line' id='line_1_28' title="bbox 239 2021 1598 2068; baseline 0.001 -15"><span class='ocrx_word' id='word_1_215' title='bbox 239 2033 329 2067; x_wconf 79' lang='lat' dir='ltr'>gras,</span> <span class='ocrx_word' id='word_1_216' title='bbox 352 2021 586 2066; x_wconf 87' lang='lat' dir='ltr'>genuinarum</span> <span class='ocrx_word' id='word_1_217' title='bbox 607 2026 724 2054; x_wconf 83' lang='lat' dir='ltr'>autem</span> <span class='ocrx_word' id='word_1_218' title='bbox 745 2021 948 2055; x_wconf 75' lang='lat' dir='ltr'>brevissima</span> <span class='ocrx_word' id='word_1_219' title='bbox 971 2022 1181 2068; x_wconf 83' lang='lat' dir='ltr'>plerumque</span> <span class='ocrx_word' id='word_1_220' title='bbox 1206 2027 1366 2068; x_wconf 68' lang='lat' dir='ltr'>excorpta</span> <span class='ocrx_word' id='word_1_221' title='bbox 1388 2021 1598 2067; x_wconf 84' lang='lat' dir='ltr'>suppeditat.</span> 
     </span>
     <span class='ocr_line' id='line_1_29' title="bbox 238 2074 1598 2120; baseline 0.001 -13"><span class='ocrx_word' id='word_1_222' title='bbox 238 2096 281 2100; x_wconf 92' lang='lat'>—</span> <span class='ocrx_word' id='word_1_223' title='bbox 297 2074 412 2107; x_wconf 89' lang='lat' dir='ltr'>Etiam</span> <span class='ocrx_word' id='word_1_224' title='bbox 430 2075 644 2120; x_wconf 81' lang='lat' dir='ltr'>temporibus</span> <span class='ocrx_word' id='word_1_225' title='bbox 659 2075 784 2108; x_wconf 81' lang='lat' dir='ltr'>nostris</span> <span class='ocrx_word' id='word_1_226' title='bbox 797 2076 926 2108; x_wconf 89' lang='lat' dir='ltr'>similia</span> <span class='ocrx_word' id='word_1_227' title='bbox 941 2080 1116 2109; x_wconf 84' lang='lat' dir='ltr'>notamus.</span> <span class='ocrx_word' id='word_1_228' title='bbox 1136 2075 1192 2109; x_wconf 89' lang='lat' dir='ltr'>Cf.</span> <span class='ocrx_word' id='word_1_229' title='bbox 1208 2076 1370 2120; x_wconf 80' lang='lat' dir='ltr'>Epistolia</span> <span class='ocrx_word' id='word_1_230' title='bbox 1384 2081 1466 2116; x_wconf 86' lang='lat' dir='ltr'>etc.‚</span> <span class='ocrx_word' id='word_1_231' title='bbox 1479 2075 1535 2108; x_wconf 88' lang='lat' dir='ltr'>ed.</span> <span class='ocrx_word' id='word_1_232' title='bbox 1554 2075 1598 2109; x_wconf 88' lang='lat' dir='ltr'>H.</span> 
     </span>
     <span class='ocr_line' id='line_1_30' title="bbox 239 2127 1601 2175; baseline 0.001 -14"><span class='ocrx_word' id='word_1_233' title='bbox 239 2127 448 2173; x_wconf 81' lang='lat' dir='ltr'>Stephanus,</span> <span class='ocrx_word' id='word_1_234' title='bbox 468 2128 619 2167; x_wconf 77' lang='lat' dir='ltr'>Parisiis,</span> <span class='ocrx_word' id='word_1_235' title='bbox 644 2129 730 2174; x_wconf 85' lang='lat'><strong>1577</strong></span> <span class='ocrx_word' id='word_1_236' title='bbox 747 2130 979 2173; x_wconf 77' lang='lat' dir='ltr'>(Becherches.</span> <span class='ocrx_word' id='word_1_237' title='bbox 997 2141 1031 2174; x_wconf 91' lang='lat' dir='ltr'>p.</span> <span class='ocrx_word' id='word_1_238' title='bbox 1054 2141 1118 2175; x_wconf 72' lang='lat'>¹09</span> <span class='ocrx_word' id='word_1_239' title='bbox 1134 2130 1181 2174; x_wconf 87' lang='lat' dir='ltr'>s.)</span> <span class='ocrx_word' id='word_1_240' title='bbox 1194 2134 1228 2162; x_wconf 88' lang='lat' dir='ltr'>et</span> <span class='ocrx_word' id='word_1_241' title='bbox 1248 2130 1446 2164; x_wconf 78' lang='lat' dir='ltr'>Graecorum</span> <span class='ocrx_word' id='word_1_242' title='bbox 1459 2135 1601 2163; x_wconf 82' lang='lat' dir='ltr'>veterum</span> 
     </span>
     <span class='ocr_line' id='line_1_31' title="bbox 235 2181 1602 2228; baseline 0.002 -15"><span class='ocrx_word' id='word_1_243' title='bbox 235 2181 373 2214; x_wconf 77' lang='lat' dir='ltr'>selectae</span> <span class='ocrx_word' id='word_1_244' title='bbox 388 2182 560 2226; x_wconf 74' lang='lat' dir='ltr'>brevesque</span> <span class='ocrx_word' id='word_1_245' title='bbox 574 2183 743 2225; x_wconf 77' lang='lat' dir='ltr'>epistolae,</span> <span class='ocrx_word' id='word_1_246' title='bbox 764 2183 854 2228; x_wconf 86' lang='lat' dir='ltr'>apud</span> <span class='ocrx_word' id='word_1_247' title='bbox 872 2183 993 2216; x_wconf 87' lang='lat' dir='ltr'>loann.</span> <span class='ocrx_word' id='word_1_248' title='bbox 1010 2182 1256 2224; x_wconf 79' lang='lat' dir='ltr'>Tornaesium,</span> <span class='ocrx_word' id='word_1_249' title='bbox 1277 2182 1381 2223; x_wconf 79' lang='lat'>1512,</span> <span class='ocrx_word' id='word_1_250' title='bbox 1397 2182 1459 2215; x_wconf 88' lang='lat' dir='ltr'>ubi</span> <span class='ocrx_word' id='word_1_251' title='bbox 1474 2182 1602 2216; x_wconf 80' lang='lat' dir='ltr'>Iuliani</span> 
     </span>
     <span class='ocr_line' id='line_1_32' title="bbox 238 2232 1602 2282; baseline 0.001 -15"><span class='ocrx_word' id='word_1_252' title='bbox 238 2235 370 2280; x_wconf 77' lang='lat' dir='ltr'>spurias</span> <span class='ocrx_word' id='word_1_253' title='bbox 393 2235 509 2280; x_wconf 83' lang='lat' dir='ltr'>plures</span> <span class='ocrx_word' id='word_1_254' title='bbox 530 2235 694 2281; x_wconf 79' lang='lat' dir='ltr'>epistulas</span> <span class='ocrx_word' id='word_1_255' title='bbox 713 2248 794 2269; x_wconf 88' lang='lat' dir='ltr'>cum</span> <span class='ocrx_word' id='word_1_256' title='bbox 811 2236 974 2281; x_wconf 67' lang='lat' dir='ltr'>gentunis</span> <span class='ocrx_word' id='word_1_257' title='bbox 988 2237 1107 2282; x_wconf 84' lang='lat' dir='ltr'>paucis</span> <span class='ocrx_word' id='word_1_258' title='bbox 1129 2251 1145 2268; x_wconf 91' lang='lat'>«</span> <span class='ocrx_word' id='word_1_259' title='bbox 1160 2237 1192 2270; x_wconf 78' lang='lat' dir='ltr'>in</span> <span class='ocrx_word' id='word_1_260' title='bbox 1210 2248 1297 2270; x_wconf 79' lang='lat' dir='ltr'>usum</span> <span class='ocrx_word' id='word_1_261' title='bbox 1315 2237 1480 2270; x_wconf 79' lang='lat' dir='ltr'>studiosae</span> <span class='ocrx_word' id='word_1_262' title='bbox 1496 2232 1602 2269; x_wconf 63' lang='lat' dir='ltr'>iuven-</span> 
     </span>
     <span class='ocr_line' id='line_1_33' title="bbox 239 2288 870 2334; baseline 0.003 -13"><span class='ocrx_word' id='word_1_263' title='bbox 239 2289 314 2321; x_wconf 76' lang='lat' dir='ltr'>tutis</span> <span class='ocrx_word' id='word_1_264' title='bbox 333 2302 350 2319; x_wconf 85' lang='lat'>»</span> <span class='ocrx_word' id='word_1_265' title='bbox 369 2288 482 2321; x_wconf 87' lang='lat' dir='ltr'>editor</span> <span class='ocrx_word' id='word_1_266' title='bbox 501 2289 705 2334; x_wconf 73' lang='lat' dir='ltr'>repetendas</span> <span class='ocrx_word' id='word_1_267' title='bbox 724 2291 870 2323; x_wconf 73' lang='lat' dir='ltr'>curavit.</span> 
     </span>
    </p>

    <p class='ocr_par' dir='ltr' id='par_1_8' title="bbox 235 2342 1604 2604">
     <span class='ocr_line' id='line_1_34' title="bbox 287 2342 1604 2391; baseline 0.002 -17"><span class='ocrx_word' id='word_1_268' title='bbox 287 2353 320 2375; x_wconf 90' lang='lat'>2.</span> <span class='ocrx_word' id='word_1_269' title='bbox 350 2343 465 2376; x_wconf 75' lang='lat' dir='ltr'>Leaeic.</span> <span class='ocrx_word' id='word_1_270' title='bbox 492 2344 671 2376; x_wconf 82' lang='lat' dir='ltr'>Vindobon.</span> <span class='ocrx_word' id='word_1_271' title='bbox 692 2356 718 2376; x_wconf 78' lang='lat' dir='ltr'>S.</span> <span class='ocrx_word' id='word_1_272' title='bbox 741 2356 773 2376; x_wconf 84' lang='lat' dir='ltr'>v.</span> <span class='ocrx_word' id='word_1_273' title='bbox 797 2343 889 2390; x_wconf 60' lang='grc' dir='ltr'>νΕχε</span> <span class='ocrx_word' id='word_1_274' title='bbox 912 2357 968 2391; x_wconf 82' lang='grc' dir='ltr'>μοι</span> <span class='ocrx_word' id='word_1_275' title='bbox 989 2343 1087 2390; x_wconf 71' lang='grc' dir='ltr'>χάριν</span> <span class='ocrx_word' id='word_1_276' title='bbox 1113 2344 1166 2389; x_wconf 86' lang='lat' dir='ltr'>(p.</span> <span class='ocrx_word' id='word_1_277' title='bbox 1191 2343 1234 2382; x_wconf 71' lang='lat'>54</span> <span class='ocrx_word' id='word_1_278' title='bbox 1253 2343 1307 2376; x_wconf 89' lang='lat' dir='ltr'>ed.</span> <span class='ocrx_word' id='word_1_279' title='bbox 1329 2342 1468 2388; x_wconf 85' lang='lat' dir='ltr'>Nauck)</span> <span class='ocrx_word' id='word_1_280' title='bbox 1486 2356 1604 2376; x_wconf 79' lang='lat' dir='ltr'>exem-</span> 
     </span>
     <span class='ocr_line' id='line_1_35' title="bbox 235 2395 1600 2441; baseline 0.001 -13"><span class='ocrx_word' id='word_1_281' title='bbox 235 2395 335 2441; x_wconf 88' lang='lat' dir='ltr'>plum</span> <span class='ocrx_word' id='word_1_282' title='bbox 352 2396 486 2441; x_wconf 87' lang='lat' dir='ltr'>profert</span> <span class='ocrx_word' id='word_1_283' title='bbox 511 2396 605 2441; x_wconf 88' lang='lat' dir='ltr'>quod</span> <span class='ocrx_word' id='word_1_284' title='bbox 632 2401 752 2429; x_wconf 84' lang='lat' dir='ltr'>utrum</span> <span class='ocrx_word' id='word_1_285' title='bbox 780 2397 925 2431; x_wconf 88' lang='lat' dir='ltr'>Luciani</span> <span class='ocrx_word' id='word_1_286' title='bbox 944 2410 987 2430; x_wconf 85' lang='lat' dir='ltr'>an</span> <span class='ocrx_word' id='word_1_287' title='bbox 1008 2397 1137 2430; x_wconf 86' lang='lat' dir='ltr'>Iuliani</span> <span class='ocrx_word' id='word_1_288' title='bbox 1160 2401 1263 2438; x_wconf 82' lang='lat' dir='ltr'>esset,</span> <span class='ocrx_word' id='word_1_289' title='bbox 1287 2397 1401 2430; x_wconf 85' lang='lat' dir='ltr'>editor</span> <span class='ocrx_word' id='word_1_290' title='bbox 1425 2397 1600 2430; x_wconf 86' lang='lat' dir='ltr'>incertum</span> 
     </span>
     <span class='ocr_line' id='line_1_36' title="bbox 236 2448 1600 2497; baseline 0.001 -15"><span class='ocrx_word' id='word_1_291' title='bbox 236 2449 392 2494; x_wconf 60' lang='lat' dir='ltr'>reliquit</span> <span class='ocrx_word' id='word_1_292' title='bbox 418 2448 485 2482; x_wconf 89' lang='lat' dir='ltr'>Sed</span> <span class='ocrx_word' id='word_1_293' title='bbox 502 2449 537 2481; x_wconf 91' lang='lat' dir='ltr'>in</span> <span class='ocrx_word' id='word_1_294' title='bbox 559 2450 677 2483; x_wconf 86' lang='lat' dir='ltr'>codice</span> <span class='ocrx_word' id='word_1_295' title='bbox 696 2450 961 2484; x_wconf 76' lang='lat' dir='ltr'>vindobonensi</span> <span class='ocrx_word' id='word_1_296' title='bbox 981 2451 1105 2497; x_wconf 87' lang='lat' dir='ltr'>philol.</span> <span class='ocrx_word' id='word_1_297' title='bbox 1125 2450 1188 2484; x_wconf 87' lang='lat' dir='ltr'>Gr.</span> <span class='ocrx_word' id='word_1_298' title='bbox 1220 2451 1285 2496; x_wconf 85' lang='lat'>169</span> <span class='ocrx_word' id='word_1_299' title='bbox 1311 2451 1337 2484; x_wconf 92' lang='lat' dir='ltr'>f.</span> <span class='ocrx_word' id='word_1_300' title='bbox 1363 2451 1448 2489; x_wconf 71' lang='lat' dir='ltr'>204v</span> <span class='ocrx_word' id='word_1_301' title='bbox 1469 2463 1600 2484; x_wconf 90' lang='lat' dir='ltr'>nomen</span> 
     </span>
     <span class='ocr_line' id='line_1_37' title="bbox 236 2501 1600 2550; baseline 0.002 -15"><span class='ocrx_word' id='word_1_302' title='bbox 236 2501 406 2536; x_wconf 70' lang='grc' dir='ltr'>ἷουλιανὸσ</span> <span class='ocrx_word' id='word_1_303' title='bbox 425 2515 533 2536; x_wconf 87' lang='lat' dir='ltr'>manu</span> <span class='ocrx_word' id='word_1_304' title='bbox 553 2503 666 2549; x_wconf 84' lang='lat' dir='ltr'>prima</span> <span class='ocrx_word' id='word_1_305' title='bbox 684 2504 721 2536; x_wconf 88' lang='lat' dir='ltr'>in</span> <span class='ocrx_word' id='word_1_306' title='bbox 742 2504 920 2538; x_wconf 70' lang='grc' dir='ltr'>λουκιανὸσ</span> <span class='ocrx_word' id='word_1_307' title='bbox 939 2510 1134 2538; x_wconf 85' lang='lat' dir='ltr'>correctum</span> <span class='ocrx_word' id='word_1_308' title='bbox 1152 2509 1214 2549; x_wconf 79' lang='lat' dir='ltr'>est,</span> <span class='ocrx_word' id='word_1_309' title='bbox 1232 2510 1268 2538; x_wconf 90' lang='lat' dir='ltr'>et</span> <span class='ocrx_word' id='word_1_310' title='bbox 1282 2504 1320 2538; x_wconf 91' lang='lat' dir='ltr'>in</span> <span class='ocrx_word' id='word_1_311' title='bbox 1339 2504 1430 2538; x_wconf 83' lang='lat' dir='ltr'>libro</span> <span class='ocrx_word' id='word_1_312' title='bbox 1448 2504 1600 2550; x_wconf 86' lang='lat' dir='ltr'>gemello</span> 
     </span>
     <span class='ocr_line' id='line_1_38' title="bbox 237 2555 1437 2604; baseline 0.002 -16"><span class='ocrx_word' id='word_1_313' title='bbox 237 2555 402 2589; x_wconf 79' lang='lat' dir='ltr'>Vaticano</span> <span class='ocrx_word' id='word_1_314' title='bbox 427 2567 465 2589; x_wconf 87' lang='lat'>12</span> <span class='ocrx_word' id='word_1_315' title='bbox 482 2556 506 2589; x_wconf 85' lang='lat' dir='ltr'>f.</span> <span class='ocrx_word' id='word_1_316' title='bbox 535 2562 595 2601; x_wconf 67' lang='grc'><strong>17*</strong></span> <span class='ocrx_word' id='word_1_317' title='bbox 617 2569 631 2589; x_wconf 76' lang='lat' dir='ltr'>a</span> <span class='ocrx_word' id='word_1_318' title='bbox 654 2556 809 2591; x_wconf 72' lang='lat' dir='ltr'>Nauckio</span> <span class='ocrx_word' id='word_1_319' title='bbox 830 2570 899 2591; x_wconf 88' lang='lat' dir='ltr'>non</span> <span class='ocrx_word' id='word_1_320' title='bbox 918 2557 1076 2591; x_wconf 72' lang='lat' dir='ltr'>adhibito</span> <span class='ocrx_word' id='word_1_321' title='bbox 1095 2557 1276 2592; x_wconf 69' lang='grc' dir='ltr'>λςιυκιανὸσ</span> <span class='ocrx_word' id='word_1_322' title='bbox 1293 2558 1437 2604; x_wconf 85' lang='lat' dir='ltr'>legitur.</span> 
     </span>
    </p>
   </div>
   <div class='ocr_carea' id='block_1_7' title="bbox 1745 2041 1747 2552">
    <p class='ocr_par' dir='ltr' id='par_1_9' title="bbox 1745 2041 1747 2552">
     <span class='ocr_line' id='line_1_39' title="bbox 1745 2041 1747 2552; baseline 0 0"><span class='ocrx_word' id='word_1_323' title='bbox 1745 2041 1747 2552; x_wconf 95' lang='lat' dir='ltr'> </span> 
     </span>
    </p>
   </div>
  </div>
 </body>
</html>
