1747 2796
263 94 326 141 ¹94
784 87 810 119 1.
840 81 1102 118 EPISTL'LAE

260 183 299 217 et
321 176 370 215 ad
404 174 565 214 heredes
589 186 679 211 suos
703 170 856 208 incoata
883 165 1151 206 transmittere
1190 162 1331 202 veteris
1363 161 1461 200 iuris
1493 159 1628 199 solue-

260 249 344 287 rint
366 246 603 286 conditores.
639 243 765 281 Lacu
798 255 897 279 Ανιῑυ
932 253 1026 276 ACTA
1060 251 1163 275 PRlD.
1195 250 1283 274 Nox.
1314 234 1434 272 me.
1469 232 1628 272 ΙυιιΑΝο

261 322 309 360 Α.
341 335 398 358 nn
423 333 468 356 1-:T
487 317 699 356 SALLcsrlo
720 327 848 352 coxss.

319 412 640 448 {namn-rma
666 403 745 452 Qui
783 401 974 440 dominus
1006 404 1044 438 et
1077 402 1309 451 procurator
1339 394 1388 435 de
1416 392 1631 434 cuiuslibet

262 464 315 503 rei
339 462 529 517 petitione
554 458 676 498 suerit
707 456 917 496 institutus
952 460 989 493 et
1026 457 1246 505 susceptam
1268 449 1381 489 litem
1409 448 1499 487 vivo
1519 461 1633 486 man-

262 518 398 556 datore
429 530 497 570 per
531 513 727 553 actionem
757 507 972 563 repetendo
1011 505 1132 545 suerit
1168 509 1425 550 contestatus,
1457 501 1578 541 etiam
1601 500 1632 539 si

262 571 329 611 ille
362 571 431 624 qui
459 569 494 608 ei
519 567 759 607 mandatum
790 563 868 602 tale
890 563 1049 607 fecerat,
1074 560 1122 599 de
1146 559 1218 597 hac
1246 557 1333 596 luce
1368 555 1558 601 discedat,
1582 553 1631 592 li-

263 631 346 665 ceat
366 625 400 664 ei
425 638 524 670 rem,
559 635 683 675 quam
705 616 962 672 repetendam
984 619 1222 668 susceperat,
1248 611 1410 651 sibimet
1431 609 1634 649 defensare

265 686 303 719 et
326 679 450 718 alium
475 681 772 731 procuratorem
798 671 839 710 in
858 671 929 709 hac
952 683 1085 714 causa,
1108 667 1139 707 si
1160 666 1348 713 voluerit,
1373 664 1444 718 qui
1465 668 1631 717 repetat,

264 740 309 772 ut
329 732 519 771 dominus
542 728 728 768 ordinare
750 733 869 779 atque
891 724 1087 763 actionem
1118 720 1167 760 ad
1197 719 1358 760 heredes
1376 732 1466 758 suos
1485 730 1635 756 succes-

264 801 449 840 soresque
475 783 745 824 transmittere
765 795 773 828 ;
794 779 888 833 quia
911 779 1011 817 sicut
1029 777 1070 814 in
1092 775 1210 814 rebus
1235 788 1339 828 quae
1364 771 1631 827 possidentur,

265 847 538 896 procuratores
561 843 719 876 tantum
741 834 927 873 adversus
950 831 1167 886 pulsantes,
1195 843 1291 867 nam
1314 841 1397 866 non
1420 832 1459 866 et
1479 824 1634 865 domini

265 901 429 950 possunt
452 892 620 931 tirmiter
647 888 841 934 ordinari,
868 887 921 925 ita
944 887 987 924 in
1022 884 1140 923 rebus
1165 896 1269 936 quae
1290 886 1544 935 repetuntur,
1567 878 1637 917 do-

268 950 397 988 minos
427 951 781 1001 procuratoresque
819 942 942 980 facere
976 940 1006 978 is
1038 938 1107 992 qui
1133 937 1265 991 pulsat
1298 950 1340 974 ac
1375 934 1518 986 repetit
1550 933 1637 971 iure

267 1002 528 1057 permittitur.
563 999 704 1038 Solum
738 1003 795 1035 est
825 1002 870 1034 ut
907 993 1146 1032 mandatum
1179 990 1228 1029 ad
1252 990 1379 1029 vicem
1410 987 1638 1027 donationis

268 1060 419 1096 sactum
440 1055 535 1094 actis
561 1053 753 1092 habeatur
778 1051 989 1089 insertum.

922 1236 996 1272 136

640 1309 697 1347 De
717 1305 934 1361 sepulchris
956 1310 991 1344 et
1016 1301 1239 1341 funeribus.

325 1398 407 1436 Hoc
421 1395 564 1441 edicto,
581 1393 619 1432 d.
645 1408 687 1431 12
706 1389 913 1430 Februarii
929 1403 965 1426 a.
993 1387 1069 1426 :363
1088 1402 1106 1422 «
1129 1384 1178 1424 ad
1190 1381 1388 1438 populum
1406 1379 1641 1420 Antiochiae

269 1452 403 1491 dato»
438 1449 505 1502 (cf.
545 1464 571 1487 ).
605 1448 691 1500 195,
730 1445 809 1491 15),
842 1443 1021 1482 Iulianus
1058 1440 1237 1494 primum
1264 1436 1449 1476 adversus
1477 1449 1541 1474 eos
1568 1434 1639 1487 qui

269 1513 400 1546 vetera
440 1465 646 1557 sepulchra
685 1512 850 1553 quoquo
891 1495 1010 1535 modo
1046 1491 1294 1539 violaverint,
1331 1489 1440 1544 quod
1475 1488 1517 1527 in
1541 1487 1641 1527 urbe

271 1558 497 1599 Christiana
535 1554 708 1595 accidere
742 1552 906 1598 solebat,
948 1562 1118 1604 poenam
1152 1545 1306 1586 statuit.
1345 1543 1482 1583 Altero
1515 1542 1642 1596 capite

271 1614 419 1653 incolas
436 1611 485 1650 ad
504 1609 722 1665 pristinum
748 1608 941 1645 funerum
957 1608 1251 1642 nocturnorum
1272 1612 1444 1645 morem,
1460 1597 1542 1635 iam
1562 1596 1642 1649 pri-

270 1668 362 1707 dem
386 1666 587 1706 exoletum
601 1670 640 1702 et
655 1660 978 1701 Christianorum
1002 1655 1196 1695 institutis
1217 1653 1444 1699 adversum,
1461 1664 1642 1690 revocare

272 1722 418 1761 studet.
440 1743 493 1750 -—
529 1715 811 1756 summarium
845 1713 966 1752 huius
1002 1710 1098 1764 legis
1133 1709 1176 1747 in
1212 1707 1344 1747 codice
1367 1704 1643 1745 Theodosiano

272 1777 470 1815 insertum
488 1779 525 1812 et
542 1771 690 1826 partim
712 1770 754 1807 in
775 1767 906 1807 codice
926 1765 1150 1804 Iustiniano
1172 1761 1387 1816 repetitum
1402 1765 1473 1799 est.
1497 1758 1644 1798 Textus

273 1828 474 1883 genuinus
493 1828 608 1880 (nam
632 1825 776 1863 Graece
808 1821 984 1861 edictum
1005 1819 1054 1857 ab
1079 1818 1163 1871 ipso
1186 1816 1427 1869 imperatore
1450 1812 1643 1866 scriptum

273 1898 352 1923 esse
368 1882 539 1933 constat)
564 1878 704 1933 prioris
719 1875 884 1931 capituli
904 1873 1036 1928 periit,
1062 1870 1226 1910 alterius
1240 1869 1282 1908 in
1297 1868 1427 1908 codice
1442 1866 1644 1906 Marciano

274 1938 351 1977 366
366 1938 414 1989 (s.
441 1935 528 1981 XV,
554 1934 579 1971 f.
607 1933 701 1972 262v
720 1950 768 1965 z
785 1930 837 1982 P)
857 1933 1051 1973 servatur,
1068 1925 1210 1964 lacuna
1233 1931 1369 1962 tamen
1392 1922 1644 1974 interruptus

275 1992 334 2045 (p.
367 2004 453 2043 197,
484 1988 561 2040 12).
587 1987 647 2026 Cf.
677 1986 918 2030 Mommsen,
938 1983 1109 2021 Hermes.
1137 1978 1245 2025 VIII,
1275 1977 1390 2030 1874,
1412 1991 1451 2030 p.
1479 1989 1565 2028 ¹72·
1593 1997 1646 2003 -—

274 2044 459 2084 Codicem
483 2042 556 2096 ipsi
577 2039 839 2080 contulimus.

328 2135 368 2186 a)
401 2133 494 2171 Cod.
539 2129 736 2175 Theodos„
770 2127 840 2175 IX,
872 2140 932 2179 17,
969 2126 990 2163 ὃ
1027 2124 1079 2177 [v.
1117 2122 1290 2175 34—1).
1318 2121 1405 2173 195,
1440 2121 1462 2159 ἵ)
1484 2117 1641 2157 :cont

273 2206 424 2247 lustin„
449 2204 519 2250 IX,
548 2216 609 2256 19,
636 2202 683 2248 5;
711 2200 759 2239 cs.
787 2197 963 2244 Basilia,
986 2196 1070 2242 LX,
1098 2194 1163 2241 23,
1193 2193 1253 2247 15]
1275 2191 1372 2246 (363
1398 2190 1513 2230 Febr.
1545 2190 1641 2241 12):

328 2290 415 2328 lup.
456 2288 639 2327 Innixus
678 2286 725 2324 A.
765 2299 813 2322 An
857 2295 1050 2321 vomitum.
1089 2278 1223 2332 Pergit
1260 2275 1424 2316 audacia
1447 2274 1498 2313 ad
1529 2273 1646 2312 busta

276 2363 382 2401 diem
408 2360 641 2398 functorum
664 2363 701 2396 et
721 2369 879 2409 aggeres
898 2357 1157 2398 consecratos,
1179 2363 1273 2389 cum
1296 2354 1335 2388 et
1353 2345 1529 2401 lapidem
1552 2344 1647 2383 hinc

278 2446 435 2473 movere
459 2437 497 2470 et
520 2437 669 2470 terram
707 2426 918 2467 sollicitare
953 2430 991 2463 et
1023 2421 1212 2475 cespitem
1240 2419 1383 2460 vellere
1416 2416 1645 2472 proximum

328 2555 346 2590 1
369 2558 401 2587 et
413 2553 454 2586 ad
470 2549 762 2585 —transmittere
780 2559 843 2581 om.
864 2547 946 2580 lusi.

1677 731 1717 754 10

1680 989 1719 1023 15
