1715 2796
0 815 85 852 v10

38 1158 78 1193 15

0 2678 13 2796 κνῆ-ψ
7 2569 11 2662 ,«-ᾼ

0 1956 9 1984 ν’
28 1956 68 1990 25

1489 67 1504 77 .-

577 64 636 98 ET
663 63 812 98 LEGES
842 85 883 89 —
917 63 1069 99 135-136
1444 78 1508 115 190

134 148 337 202 sacrilegio
364 148 532 188 maiores
556 162 710 202 semper
729 147 958 186 habuerint.
985 147 1062 187 Sed
1082 154 1119 187 et
1143 156 1380 190 ornamenta
1417 152 1507 206 qui·

132 219 226 259 dam
245 219 428 260 tricliniis
453 226 521 259 aut
544 219 764 274 porticibus
784 219 974 257 auserunt
1007 219 1055 259 de
1090 220 1323 275 sepulchris.
1351 222 1507 272 Quibus

130 292 272 346 primis
312 292 579 340 consulentes,
613 305 664 331 ne
697 292 738 330 in
774 291 980 345 piaculum
1011 292 1190 332 incidant
1230 294 1504 334 contaminata

128 364 319 418 religione
359 363 588 411 bustorum,
623 364 696 403 hoc
737 363 823 402 fieri
862 363 1120 418 prohibemus
1158 380 1285 419 poena
1318 366 1504 406 Manium

127 436 283 476 vindice
299 436 542 476 cohibentes.

181 507 414 547 Secundum
435 507 538 547 illud
559 514 616 547 est
630 507 739 562 quod
758 507 888 547 efferri
907 508 1166 561 cognovimus
1186 509 1374 550 cadavera
1396 526 1503 552 mor-

125 586 292 620 tuorum
315 595 383 635 per
407 580 626 620 consertam
647 580 787 634 populi
811 580 1077 634 frequentiam
1108 587 1145 620 et
1178 596 1249 635 per
1277 583 1499 623 maximam

124 652 402 692 insistentium
446 653 703 700 densitatem,
741 652 850 706 quod
892 652 1058 706 quidem
1106 653 1241 692 oculos
1280 654 1499 694 hominum

124 724 307 763 infaustis
338 725 504 764 incestat
540 724 775 778 aspectibus.
814 724 893 773 Qui
924 724 1032 763 enim
1067 724 1148 763 dies
1183 732 1238 764 est
1269 725 1369 766 bene
1408 741 1498 767 aus-

122 796 274 850 picatus
306 811 328 836 a
356 796 524 836 funere.3
556 798 639 835 Aut
672 796 878 850 quomodo
907 795 958 834 ad
980 795 1072 835 deos
1102 802 1141 836 et
1176 797 1325 851 templa
1366 799 1497 838 venie-

121 868 219 906 tur?
248 867 417 922 [deoque
441 868 636 922 quoniam
661 874 698 907 et
731 867 846 907 dolor
869 867 911 906 in
942 868 1135 921 exsequiis
1168 875 1363 908 secretum
1388 878 1496 910 amat

119 947 155 979 et
181 939 286 980 diem
310 940 456 980 functis
479 939 582 978 nihil
606 940 786 987 interest,
814 946 955 978 utrum
987 954 1056 994 per
1082 946 1215 979 noctes
1246 956 1295 979 an
1324 955 1392 995 per
1412 941 1494 982 dies

117 1013 356 1060 efferantur,
388 1012 548 1052 liberari
584 1012 769 1052 convenit
793 1011 931 1066 populi
951 1012 1074 1051 totius
1097 1018 1289 1067 aspectus,
1314 1020 1359 1051 ut
1380 1013 1494 1053 dolor

116 1099 196 1123 esse
216 1085 258 1123 in
283 1084 511 1133 funeribus,
544 1099 626 1123 non
668 1099 816 1138 pompa
849 1084 1129 1138 exsequiarum
1166 1099 1237 1124 nec
1278 1085 1492 1126 ostentatio

116 1156 310 1195 videatur.
336 1156 437 1195 Du.
462 1172 565 1195 Pssln.
595 1172 647 1196 ιι).
688 1156 782 1195 FEB.
812 1157 1055 1195 Axrlocfflae
1081 1156 1240 1195 Imm-0
1273 1159 1320 1195 A.
1363 1172 1422 1196 1111
1444 1173 1489 1196 ET

116 1228 328 1268 Sum-sno
348 1244 475 1268 cosss.

684 1349 708 1387 b
731 1349 807 1403 [⁶²9-
832 1349 912 1402 77]-

167 1441 278 1491 Χρῆν
308 1443 379 1491 μὲν
407 1441 571 1477 οἴκοθεν
607 1441 913 1489 διανοηθέντας
936 1441 958 1476 ὃ
989 1440 1035 1489 δὴ
1073 1443 1143 1475 νῦν
1176 1438 1301 1484 ἔδοξε
1338 1444 1485 1489 κρατῦ-

112 1527 180 1549 ναι
204 1516 260 1562 τῷ
294 1515 419 1563 νόμῳ,
452 1515 499 1549 τὸ
523 1512 702 1549 παλαιὸν
735 1512 834 1556 ἔθος
868 1512 1106 1552 ἆναλαὸεἳν,
1140 1513 1160 1548 ὃ
1193 1512 1484 1562 διανοούμενοι

93 1586 184 1634 μὲν
209 1586 248 1621 οἱ
266 1585 398 1621 πάλαι
421 1584 557 1628 καλῶς
588 1585 756 1634 θέμενοι
785 1588 889 1628 τοὺς
924 1586 1094 1633 νόμους,
1137 1583 1249 1619 εἶναι
1280 1583 1480 1620 πλεῖστον

109 1657 316 1693 ὕπέλαὸον
343 1656 388 1692 ἐν
417 1657 524 1706 μέσῳ
549 1654 666 1706 ζωῆς
695 1670 743 1692 τε
776 1658 844 1692 καὶ
874 1656 1070 1701 Θανάτου,
1099 1655 1183 1705 ἰδἰᾳ
1216 1655 1261 1691 δὲ
1297 1655 1481 1706 ἑκατέρῳ

106 1730 284 1777 πρέπειν
316 1728 512 1778 ἐνόμισαν
543 1730 599 1764 τὰ
630 1727 949 1777 ἐπιτηδεύματα
978 1729 1057 1764 τῶν
1093 1727 1236 1776 ἔργων·
1273 1726 1385 1762 εἶναι
1407 1728 1479 1777 μὲν

108 1802 182 1849 γὰρ
225 1803 296 1836 τὸν
329 1801 510 1837 Θάνατον
549 1800 728 1850 ἡσυχίαν
770 1799 938 1849 διηνεκῆ
965 1798 1054 1850 (καὶ
1085 1802 1212 1835 τοῦτο
1247 1799 1327 1847 ἄρα
1362 1798 1476 1835 ἐστὶν

109 1873 128 1908 ὃ
149 1873 335 1922 χαλκοῦς
358 1874 494 1916 ὕπνος
523 1873 543 1908 ὅ
577 1873 657 1908 ὑπὸ
691 1873 771 1908 τῶν
803 1873 989 1920 ποιητῶν
1029 1870 1322 1921 ὑμνούμενος),
1351 1870 1478 1907 ἀπεν-

108 1946 258 1988 axe-ttae
293 1944 339 1980 δὲ
371 1947 447 1994 τὴν
480 1942 592 1993 ζωὴν
628 1943 742 1994 ἔχειν
785 1943 920 1979 πολλὰ
955 1945 1025 1993 μὲν
1070 1942 1239 1991 ἀλγεινὰ
1267 1942 1402 1978 πολλὰ
1431 1942 1475 1978 δὲ

105 2016 223 2065 ἡδέα,
254 2018 391 2052 καὶτὸ
414 2018 617 2064 πράττειν
640 2018 711 2051 νῦν
750 2017 820 2065 μὲν
856 2015 1027 2063 ἑτέρως,
1065 2014 1187 2058 αὖθις
1215 2014 1260 2050 δὲ
1285 2014 1470 2064 ἄμεινον.

153 2160 199 2195 24
220 2160 368 2193 Homer.
387 2160 422 2194 A
447 2160 528 2197 241.

150 2304 214 2345 41'5
242 2303 402 2338 Manium
429 2302 592 2337 vindice:
622 2302 798 2349 sacrilegii
825 2303 906 2336 lust.
944 2304 958 2346 5
997 2302 1041 2338 10
1064 2317 1081 2335 (c
1103 2310 1254 2349 expectes
1289 2306 1468 2351 quomodo

102 2358 184 2391 inde
204 2372 221 2389 n
242 2360 420 2392 Mommsen

152 2411 212 2456 [18
232 2412 302 2457 sq.]
332 2410 360 2444 P

150 2465 194 2502 18
214 2465 354 2498 nullum
371 2464 517 2498 titulum
531 2463 674 2511 praebet
691 2465 768 2498 cod.
805 2466 808 2508 5
852 2463 898 2499 20
923 2464 979 2510 μὲν
1002 2469 1078 2510 post
1100 2463 1182 2498 εἶναι
1203 2470 1334 2512 transp.
1357 2466 1466 2501 Eber-

104 2519 188 2552 hard
214 2521 216 2562 ξ
251 2518 294 2554 21
317 2517 351 2553 δὲ
367 2517 548 2552 Hertlein:
571 2530 605 2552 τε
626 2518 702 2553 cod.
