1715 2796
5 616 46 639 10

0 1153 41 1175 20

0 1411 38 1445 25

0 1677 39 1713 30

0 1950 35 1987 35

0 2485 34 2526 55

425 41 484 76 ET
509 44 936 88 APOPHTHEGMATA
965 77 1005 81 —
1039 70 1102 105 ¹79
1382 69 1447 103 225

86 126 187 159 ceret
213 120 368 170 fistulis,
393 131 504 164 vetus
525 128 624 167 illud
646 133 900 184 proverbium
932 157 947 170 ιι
968 139 1180 182 clitellae
1202 146 1308 186 bovi
1336 159 1446 189 sunt

87 174 135 212 in
177 175 349 221 ositae,
385 179 525 231 plane
557 197 649 222 non
680 193 748 225 est
779 197 997 231 nostrum
1031 209 1203 243 onus»,
1237 200 1445 243 Platonem

86 189 222 267 crebro
254 231 482 279 nominanS,
507 236 762 279 exclamabat.
794 255 852 280 11.
884 245 1060 287 inductis
1087 252 1262 304 quadam
1288 257 1446 296 sollem-

86 281 211 321 nitate
225 285 433 336 agentibus
447 287 488 325 in
503 289 621 330 rebus
639 292 680 330 in
695 296 974 338 consistorium
991 308 1033 339 ut
1046 317 1191 344 aurum
1208 310 1439 363 acciperent,

85 335 192 374 inter
205 335 300 376 alios
317 339 484 392 quidam
502 357 545 381 ex
565 359 704 385 eorum
722 352 933 399 consortio,
955 369 1035 393 non
1051 363 1096 396 ut
1117 361 1238 399 moris
1253 369 1309 401 est
1322 379 1443 418 pansa

84 388 307 443 chlamyde,
330 393 396 432 sed
420 402 590 450 utraque
620 414 742 440 manu
776 412 908 444 cavata
941 411 1122 457 suscepit.
1150 413 1200 452 Et
1227 416 1444 471 imperator

88 460 107 479 «
134 457 299 497 rapere
322 462 359 493 ³),
392 447 540 502 inquit,
573 469 591 488 «
619 468 710 492 non
737 459 952 511 accipere
981 463 1142 505 sciunt
1170 478 1364 521 agentes
1394 474 1442 512 in

85 496 277 536 rebus».
320 514 378 538 12.
412 502 555 542 Aditus
581 521 601 544 a
629 511 860 560 parentibus
889 514 1052 568 virginis
1077 527 1227 571 raptae,
1253 538 1345 564 eum
1370 528 1442 580 qui

84 550 248 590 violarat
268 554 498 595 convictum
513 558 676 613 relegari
697 563 889 614 decrevit;
914 568 1054 623 hisque
1071 572 1235 627 indigna
1251 580 1331 631 pati
1346 595 1442 634 que-

84 604 278 653 rentibus,
295 609 403 660 quod
419 624 499 649 non
518 612 566 650 sit
581 622 708 655 morte
728 619 938 669 multatus,
958 627 1211 678 responderat
1228 630 1437 675 hactenus:

85 658 345 700 «incusent
378 663 464 702 iura
497 665 826 720 clementiam,
861 676 938 714 sed
972 677 1317 732 imperatorem
1355 689 1441 726 mi-

84 712 260 751 tissimi
290 715 439 755 animi
470 717 658 772 legibus
687 734 930 777 praestare
954 735 1133 773 severis
1161 738 1316 789 (ceteris
1339 742 1441 794 cod.)

82 765 217 806 decet
239 783 275 805 ».

134 820 250 866 Ibid.‚
283 821 409 871 XXII,
451 826 488 867 5,
530 831 577 872 fi:
618 829 820 886 Saepeque
852 836 1058 879 dictitabat
1087 843 1184 894 (scil.
1226 845 1274 885 de
1303 849 1439 888 acerbe

81 872 404 916 dissentientibus
432 878 535 918 inter
563 897 600 921 se
623 883 858 927 Christianis
883 890 1107 947 Iulianus):
1139 915 1156 933 <z
1181 900 1342 940 audite
1370 917 1440 942 me

81 941 220 980 quem
241 929 498 971 Alamanni
521 937 783 979 audierunt
808 950 851 981 et
873 944 1041 986 Franci
1065 967 1100 990 ι).
1123 951 1273 992 imitari
1294 962 1439 1008 putans

84 981 201 1020 Marci
221 983 411 1038 principis
429 989 568 1027 veteris
591 990 758 1032 dictum.
784 995 857 1035 Sed
876 1013 1019 1051 parum
1041 1003 1210 1044 advertit
1233 1007 1305 1047 hoc
1326 1009 1373 1047 ab
1395 1025 1439 1049 eo

83 1035 255 1074 nimium
276 1036 508 1092 discrepare.
537 1044 574 1082 5.
609 1045 676 1084 llle
705 1049 813 1087 enim
841 1066 933 1090 cum
960 1055 1222 1098 Palaestinam
1254 1064 1439 1102 transiret

80 1090 308 1143 Aegyptum
339 1100 488 1145 peten5‚
524 1096 762 1140 ludaeorum
787 1103 997 1146 fetentium
1027 1117 1063 1148 et
1094 1114 1437 1156 tumultuantium

80 1157 192 1197 saepe
216 1144 344 1184 taedio
363 1149 547 1200 percitus.
570 1151 751 1193 dolenter
772 1157 918 1197 dicitur
936 1162 1185 1206 exclamasse:
1209 1185 1228 1203 «
1248 1183 1271 1207 o
1289 1169 1438 1210 Marco-

81 1197 236 1245 manni,
256 1212 279 1236 o
296 1200 443 1248 Quadi,
462 1217 485 1241 o
505 1204 723 1255 Sarmatae,
742 1211 903 1252 tandem
926 1215 1023 1255 alios
1049 1220 1158 1258 vobis
1179 1221 1438 1275 inquietiores

77 1250 282 1302 (inetiores
305 1254 404 1294 eod..
430 1257 452 1294 l.
482 1258 723 1300 molestiores
735 1264 772 1315 Z')
798 1268 945 1307 inveni.
978 1287 992 1303 n

130 1304 246 1351 Ibicl„
281 1319 342 1354 io,
369 1311 418 1352 4:
453 1310 637 1366 Cumque
663 1330 756 1355 eum
777 1318 998 1362 defensores
1021 1339 1246 1373 causarum,
1273 1338 1318 1370 ut
1346 1347 1438 1371 con-

77 1357 204 1396 scium
218 1359 383 1400 rationis
398 1364 603 1415 perfectae.
621 1368 824 1421 plausibus
841 1376 1024 1416 maximis
1038 1379 1296 1430 celebrarent,
1312 1386 1437 1424 fertur

78 1410 118 1449 id
149 1411 290 1452 dixisse
320 1424 553 1468 permotus:
592 1438 610 1456 ‹<
644 1423 917 1466 Gaudebam
951 1431 1091 1483 plane
1126 1449 1235 1488 prae
1269 1453 1436 1493 meque

78 1464 287 1504 ferebam
334 1469 371 1507 si
417 1471 470 1508 ab
516 1473 588 1510 his
640 1475 867 1519 laudarer
914 1498 1032 1536 quos
1077 1494 1121 1526 et
1160 1489 1437 1545 vituperare

76 1533 209 1571 posse
256 1521 577 1574 adverterem,
628 1530 791 1584 siquid
832 1535 1011 1577 sactum
1053 1541 1114 1579 sit
1171 1558 1302 1584 secus
1356 1555 1436 1586 aut

76 1572 206 1611 dictu
218 1588 259 1612 m
285 1592 321 1613 >›.

129 1626 244 1673 ibid„
273 1643 333 1676 10,
359 1630 382 1668 6
404 1631 471 1683 (cf.
506 1633 630 1683 XXV,
657 1641 696 1684 4,
731 1641 822 1692 ¹1.J›)³
850 1642 899 1681 Et
922 1647 1206 1689 aestimabatur
1244 1666 1314 1705 per
1345 1653 1436 1694 haec

76 1685 114 1718 et
131 1679 292 1729 similia,
318 1689 365 1721 ut
386 1684 468 1738 ipse
492 1686 646 1728 dicebat
675 1692 853 1741 adsidue,
889 1704 1000 1737 vetus
1025 1701 1091 1740 illa
1117 1703 1287 1752 Iustitia,
1312 1722 1436 1759 quam

75 1733 266 1773 offensam
298 1736 402 1776 vitiis
442 1739 655 1782 hominum
701 1748 846 1787 Aratus
878 1751 932 1803 (v.
983 1755 1051 1798 134
1089 1758 1169 1810 sq.)
1209 1760 1360 1799 extollit
1394 1762 1436 1800 in

74 1787 245 1836 coelum,
267 1789 490 1844 imperante
510 1809 554 1834 eo
578 1811 728 1838 reversa
748 1802 796 1839 ad
818 1809 953 1843 terras.

125 1841 240 1889 Ibid.,
263 1843 389 1892 XXV,
414 1849 452 1893 4,
473 1861 515 1888 2:
541 1849 589 1887 Et
612 1853 790 1904 primum
806 1856 1060 1900 itainw'olata
1079 1864 1252 1905 castitate
1273 1868 1434 1916 enituit,

74 1899 121 1932 ut
143 1902 230 1947 post
249 1897 436 1937 amissam
456 1902 666 1956 coniugem
686 1907 785 1946 nihil
807 1924 1003 1965 umquam
1018 1930 1232 1957 venereum
1252 1922 1432 1974 agitaret,

74 1946 176 1986 illud
226 1949 446 1999 advertens,
492 1957 599 2008 quod
647 1962 752 2013 apud
804 1963 1010 2006 Platonem
1048 1970 1182 2024 (Hesp.
1228 1974 1304 2026 329
1354 1976 1435 2029 BC)

73 1999 234 2054 legitur,
271 2005 454 2045 Sofoclen
480 2011 772 2063 tragoediarum
805 2018 1052 2072 scriptorem,
1085 2031 1209 2064 aetate
1244 2029 1434 2080 grandae—

73 2069 185 2102 mm,
208 2055 497 2112 interrogatum
521 2065 662 2117 ecquid
685 2068 815 2109 adhuc
838 2071 997 2112 feminis
1017 2076 1263 2128 misceretur,
1289 2097 1435 2135 negan-

74 2113 156 2147 tem
187 2109 225 2147 id
247 2111 444 2161 adiecisse,
481 2120 590 2169 quod
618 2121 806 2171 gauderet
847 2125 991 2166 harum
1027 2144 1162 2170 rerum
1187 2148 1365 2175 amorem
1389 2144 1434 2176 ut

73 2162 275 2202 rabiosum
297 2167 500 2218 quendam
533 2171 713 2226 effugisse
733 2175 946 2218 dominum
970 2188 1009 2221 et
1028 2184 1242 2225 crudelem.
1272 2189 1309 2228 3.
1334 2190 1434 2230 Item

73 2221 120 2253 ut
138 2216 212 2255 hoc
239 2221 486 2272 propositum
511 2224 678 2265 validius
701 2230 970 2281 confirmaret,
998 2238 1192 2278 recole-bat
1215 2255 1327 2296 saepe
1349 2243 1435 2284 dic-

47 2273 163 2320 xtum
186 2269 297 2323 lyrici
330 2273 574 2328 Bacchylidis
604 2280 886 2344 (Fra9m338),
918 2303 1039 2341 quem
1062 2291 1215 2345 legebat
1243 2295 1432 2346 iucunde,

72 2320 114 2360 id
156 2322 371 2365 adserentis
420 2330 529 2382 quod
570 2339 615 2372 ut
673 2349 850 2389 egreglus
887 2340 1014 2393 pictor
1071 2345 1231 2385 vultum
1284 2352 1435 2403 specio-

72 2389 163 2414 sum
185 2377 354 2432 effingit,
388 2381 443 2420 ita
480 2384 671 2436 pudicitia
696 2389 835 2430 celsius
854 2404 1161 2450 consurgentem
1181 2401 1303 2441 vitam
1325 2418 1437 2444 exor—

71 2434 155 2468 nat.

125 2483 239 2532 Ibid„
282 2488 322 2534 4,
392 2489 475 2530 15:
541 2492 803 2537 Liberalitatis
849 2500 932 2540 eius
983 2505 1209 2546 testimonia
1259 2510 1435 2563 plurima

1222 2592 1236 2599 v

1200 2603 1239 2627 10
