1715 2796
515 75 857 110 CAPITL‘LORUM
885 74 1074 109 TABL‘LA
1409 74 1475 108 323

1407 159 1478 194 Png.

111 204 155 249 [19
183 203 235 238 De
256 216 488 238 nummorum
505 204 618 237 forma
677 228 1259 236 ..........
1362 201 1407 236 56

110 258 155 292 5ο
182 257 234 292 De
245 258 455 292 Christianis
470 270 489 292 a
504 257 631 291 militia
642 256 836 304 officiisque
849 255 998 303 puhlicis
1012 256 1236 290 excludendis
1254 281 1261 289 .
1363 256 1406 302 57
1434 269 1476 290 ss.

109 312 148 347 51
181 311 234 346 De
254 312 365 346 multa
385 311 594 346 Christianis
622 311 836 358 imponenda
871 336 1260 344 .......
1363 310 1407 356 59

110 366 152 400 52
181 365 235 400 De
263 365 547 400 Christianorum
569 358 763 412 martyrum
784 365 868 399 actis
895 377 964 399 non
991 364 1195 398 scribendis.
1253 391 1259 397 .
1361 364 1405 410 59

111 419 155 454 53
184 420 240 454 Ad
260 420 417 454 civitates
424 445 1261 455 ..............
1364 418 1408 464 59
1436 431 1464 451 s.

110 473 154 513 54
181 473 237 508 Ad
257 473 451 520 Byzacenos
486 499 1260 507 .............
1361 472 1406 507 60

109 527 153 561 55
181 527 236 562 Ad
257 527 445 574 Cyzicenos
487 553 1259 561 .............
1361 526 1401 561 61
1433 539 1459 559 5.

109 581 152 615 56
180 581 233 616 De
250 581 336 616 urbe
354 581 558 616 Constantia
572 582 614 628 (i.
635 595 653 615 c
690 582 864 626 Maiuma)
885 581 1027 616 Gazaeis
1042 580 1261 615 attribuenda
1362 581 1404 614 62

199 757 320 803 57-60.
350 756 404 790 ΒΕ
432 769 548 791 ΒῐΒυε
576 757 840 791 Ausum-oman
869 769 980 790 mmm
1008 769 1042 790 Α.
1064 755 1217 791 361-362
1248 768 1386 790 σεε-[15.

108 842 151 888 57
180 841 232 876 De
261 841 383 875 cubitu
402 841 473 875 Nili
505 846 539 875 et
556 841 661 875 sacris
682 841 849 887 symbolis
882 841 922 874 ad
947 840 1140 888 Serapeum
1171 841 1261 874 refe-

251 895 369 930 rendis
421 921 1257 929 ..............
1360 894 1402 927 62

110 949 155 984 58
181 949 237 983 Ad
263 950 443 984 Zenonem
473 950 687 984 archiatrum
743 975 1258 983 .........
1361 948 1404 982 62
1433 961 1459 981 5.

111 1004 155 1050 59
182 1003 237 1038 Ad
257 1004 513 1038 Alexandrinos
534 1004 575 1037 de
597 1004 762 1038 obelisco.
803 1030 809 1036 .
865 1029 871 1036 .
929 1030 935 1036 .
994 1030 1000 1036 .
1058 1032 1063 1037 .
1122 1030 1127 1034 .
1186 1031 1191 1035 .
1249 1029 1254 1034 .
1358 1002 1402 1035 63
1430 1015 1473 1035 ss.

110 1059 155 1093 6ο
182 1058 237 1093 Ad
257 1058 515 1092 Alexandrinos
544 1058 585 1092 de
613 1058 717 1092 caede
739 1057 885 1104 Georgii
927 1084 1252 1090 ......
1357 1057 1401 1090 65
1428 1068 1471 1089 55.

109 1235 149 1269 61
181 1233 233 1267 Do
263 1233 530 1280 professoribus,
563 1234 605 1267 ad
635 1234 847 1268 amovendos
881 1247 897 1267 a
933 1232 1079 1267 docendi
1115 1245 1261 1267 munere

229 1287 451 1322 Christianos
481 1313 1257 1321 .............
1359 1286 1402 1333 69
1430 1300 1472 1320 55.

221 1470 342 1515 62-77.
375 1469 492 1503 Lsscfis
520 1481 622 1502 mssA
648 1481 812 1502 DECRETA
841 1481 950 1502 Vama
976 1480 1069 1502 ANTE
1096 1481 1207 1502 FINEM
1235 1481 1366 1502 MENSIS

526 1536 618 1556 mxu
648 1536 682 1556 A.
712 1523 778 1558 362
809 1534 1065 1558 PROMULGATA.

106 1609 149 1643 62
178 1608 232 1642 De
260 1607 347 1641 urbe
382 1607 687 1654 Constantinopoli
743 1633 1258 1641 .........
1363 1606 1404 1653 75

106 1662 150 1697 63
178 1661 345 1708 Capitum
363 1675 382 1695 e
399 1674 469 1708 quo
486 1661 564 1696 loco
583 1661 655 1708 peti
677 1662 800 1696 debeat
817 1674 836 1696 a
856 1661 1029 1696 militibus
1059 1687 1067 1695 .
1123 1688 1130 1693 .
1188 1688 1193 1693 .
1252 1687 1258 1694 .
1362 1660 1403 1706 75
1431 1673 1459 1695 5.

106 1716 150 1755 54
164 1729 184 1750 α
209 1716 263 1750 De
282 1715 495 1750 numerariis
548 1742 1258 1750 ............
1362 1714 1404 1760 76

106 1770 151 1808 64
167 1771 184 1804 b
210 1770 264 1804 De
284 1769 454 1804 ministris
478 1775 512 1804 et
534 1770 655 1804 scribis
678 1769 720 1804 ab
744 1769 902 1817 epistulis
930 1796 1256 1804 ......
1360 1782 1402 1815 77

106 1825 150 1859 65
178 1824 268 1859 Data
293 1824 581 1870 suffragatoribus
601 1824 642 1858 ab
663 1824 712 1858 eis
738 1824 849 1870 repeti
870 1837 940 1858 non
957 1836 1065 1871 posse.
1123 1850 1130 1856 .
1187 1850 1193 1856 .
1249 1850 1256 1857 .
1359 1836 1402 1869 77
1430 1836 1473 1857 ss.

106 1879 151 1913 66
178 1878 231 1912 De
250 1878 468 1913 senatoribus
492 1879 650 1912 criminis
675 1878 890 1912 insimulatis
930 1903 1257 1912 ......
1361 1890 1403 1924 79

105 1933 149 1977 67
177 1932 231 1967 De
247 1945 352 1967 cursu
374 1932 513 1977 publico
538 1938 572 1966 et
596 1933 639 1967 de
666 1933 813 1967 curiosis
866 1958 1255 1966 .......
1359 1944 1402 1977 79
1429 1944 1472 1965 ss.

106 1986 150 2020 68
177 1986 231 2020 De
247 1986 350 2021 bonis
375 1987 652 2033 proscriptorum
681 1999 753 2020 non
773 1986 988 2021 occultandis
998 2013 1256 2020 .....
1358 1985 1398 2020 81
1430 1997 1456 2018 5.

105 2040 150 2086 69
177 2040 230 2074 De
250 2040 351 2074 bom's
374 2040 503 2074 iniuste
529 2040 702 2087 ademptis
739 2067 1256 2074 .........
1357 2039 1400 2073 82

107 2105 151 2140 70
177 2093 231 2127 De
250 2094 319 2128 fide
352 2094 673 2128 instrumentorum
738 2120 1255 2127 .........
1357 2094 1399 2127 82

106 2158 147 2194 71
177 2147 230 2182 De
250 2148 503 2194 possessoribus
523 2149 718 2182 fundorum
739 2148 1030 2195 patrimonalium
1056 2175 1060 2180 .
1119 2176 1125 2182 .
1185 2175 1190 2180 .
1248 2174 1253 2180 .
1357 2147 1400 2181 82

105 2212 148 2246 72
176 2201 230 2235 De
252 2214 337 2235 auro
367 2201 548 2236 coronario
608 2227 1254 2236 ...........
1355 2202 1399 2236 83
1427 2214 1470 2235 ss·

106 2255 149 2301 73
178 2255 233 2289 Ad
249 2255 401 2289 Thraces
421 2281 1256 2290 ..............
1357 2255 1401 2301 87
1429 2269 1456 2289 5.

106 2308 150 2355 74
176 2309 230 2342 De
249 2309 476 2344 immunitate
493 2309 713 2356 capitationis
737 2335 1254 2343 .........
1356 2309 1400 2343 88
1428 2324 1454 2342 5.

106 2363 148 2408 75
178 2362 231 2396 De
257 2363 438 2397 archiatris
482 2389 1254 2397 .............
1355 2363 1399 2409 89
1427 2376 1454 2396 5.

107 2416 151 2462 76
178 2416 231 2450 De
251 2416 380 2462 quibus
407 2417 450 2451 ad
475 2417 622 2452 vicarios
648 2417 874 2452 referendum
896 2418 938 2451 sit
993 2444 1252 2450 .....
1355 2429 1399 2461 90

108 2482 150 2516 77
178 2469 231 2504 De
250 2470 429 2504 evectione
456 2471 652 2517 specierum
680 2471 961 2518 largitionalium
992 2497 1252 2504 .....
1355 2481 1400 2515 9ο
1425 2483 1452 2504 5.
