1715 2796
0 819 36 843 10

0 1175 30 1210 [5

568 86 625 119 ET
652 87 800 123 LEGES
827 110 872 115 -—-
902 93 966 130 11ss
1388 108 1450 142 177

80 165 203 215 θῆναι
231 170 312 204 τῶν
342 169 442 219 παρ’
469 172 565 221 ἡμῖν
591 174 751 223 εῧαγῶν
778 180 1002 227 μετασχεῖν
1029 178 1194 218 θυσιῶν.
1236 184 1332 229 πρὶν
1373 185 1449 231 τὴν
1491 187 1513 222 d

82 239 152 287 μὲν
181 242 323 290 ψυχὴν
348 246 448 287 ταῖς
479 243 716 291 λιτανείαις
748 250 860 296 πρὸς
882 252 986 294 τοὺς
1019 250 1158 295 θεούς,
1186 255 1233 288 τὸ
1259 253 1304 289 δὲ
1334 256 1451 304 σῶμα

77 313 173 355 τοῖς
196 315 391 362 νομίμοις
413 316 659 365 καθαρσίοις
684 319 957 369 καθήρασθαι.

131 381 197 419 Τὰ
215 386 312 433 γοῦν
333 386 474 437 πλήθη
507 391 561 424 τὰ
597 393 713 439 παρὰ
747 394 828 427 τῶν
863 393 1093 444 λεγομένων
1122 396 1321 446 κληρικῶν
1347 396 1450 448 ἐξη-

74 457 301 506 πατημένα
331 460 539 510 πρόδηλον
577 464 644 498 ὅτι
678 467 844 514 ταύτης
879 466 1185 518 ἀφαιρεθείσης
1223 470 1449 513 στασιάζει

75 529 157 576 τῆς
176 527 338 574 ἀδείας·
367 533 406 567 οἱ
429 535 504 582 γὰρ
525 535 592 578 εἷς
627 538 752 572 τοῦτο
789 542 1156 589 τετυραννηκότες
1180 543 1254 578 οὐκ
1278 543 1444 592 ἀγαπῶ-
1483 546 1553 582 437

76 612 140 635 σιν
164 601 232 636 ὅτι
256 604 306 652 μὴ
330 606 494 641 τίνουσι
517 605 634 656 δίκην
657 609 761 657 ὑπὲρ
796 608 849 646 ὃν
875 609 1066 660 ἔπραξαν
1095 616 1244 661 κακῶν,
1267 616 1446 652 ποθοῦν-

73 685 151 717 τες
172 672 218 709 δὲ
240 676 318 723 τὴν
338 678 549 726 προτέραν
573 678 840 721 δυναστείαν.
864 685 931 719 ὅτι
968 686 1018 733 μὴ
1051 684 1240 727 δικάζειν
1274 685 1443 733 ἔξεστιν

74 745 224 790 αὐτοῖς
245 749 312 782 καὶ
335 751 510 799 γράφειν
534 751 742 802 διαθήκας
757 756 825 790 καὶ
846 755 1093 804 ἀλλοτρίους
1117 758 1445 808 σφετερίζεσθαι

74 815 254 866 κλήρους
274 822 344 855 καί
362 823 418 857 τὰ
437 825 580 858 πάντα
602 823 778 869 ἑαυτοῖς
798 828 1066 878 προσνέμειν,
1093 833 1235 867 πάντα
1260 835 1441 868 κινοῦσιν

73 888 281 940 ἀκοσμίας
305 892 434 929 κάλων
463 897 544 934 καί.
569 898 617 932 τὸ
633 896 872 947 λεγόμενον,
898 902 981 949 πῦρ
997 901 1070 937 ἐπὶ
1091 905 1172 951 πῦρ
1195 905 1443 954 ὂχετεύουσι

74 963 256 1007 καὶτοῖς
276 967 506 1014 προτέροις
530 972 676 1013 κακοῖς
699 969 875 1019 μείζονα
898 972 1109 1010 ἐπιθεῖναι
1131 975 1350 1026 τολμῶσιν,
1376 976 1442 1022 εἷς

70 1031 287 1072 διάστασιν
325 1037 505 1085 ἄγοντες
539 1043 595 1076 τὰ
626 1041 781 1092 πλήθη.
806 1042 989 1090 Ἔδοξεν
1017 1045 1088 1082 οῦν
1114 1062 1181 1096 μοι
1208 1050 1314 1084 πᾶσι
1345 1053 1440 1094 τοῖς
1477 1057 1499 1095 b

70 1105 220 1156 δήμοις
240 1113 550 1159 προαγορεῦσαι
570 1112 638 1149 διὰ
657 1115 781 1151 τοῦδε
804 1119 878 1152 τοῦ
912 1117 1199 1168 διατάγματος
1221 1124 1290 1156 καὶ
1313 1131 1441 1171 φανε-

67 1180 139 1226 ρὸν
176 1183 452 1230 καταστῆσαι,
497 1186 547 1233 μὴ
592 1186 894 1228 συστασιάζειν
938 1194 1033 1234 τοῖς
1071 1191 1297 1241 κληρικοῖς,
1338 1194 1440 1243 μηδὲ

69 1250 372 1290 ἀνα-πείθεσθαι
393 1255 491 1304 παρ’
515 1258 650 1293 αὐτῶν
672 1258 817 1304 λίθους
842 1262 973 1310 αἴρειν
999 1263 1102 1312 μηδὲ
1126 1265 1318 1302 ἀπιστεῖν
1345 1270 1439 1311 τοῖς

68 1322 282 1373 ἄρχουσιν,
310 1325 413 1362 ἀλλὰ
432 1329 621 1365 συνιέναι
659 1332 730 1380 μὲν
768 1333 851 1377 ἕως
891 1334 938 1369 ἂν
979 1335 1191 1377 ἐθέλωσιν,
1237 1339 1439 1388 εὔχεσθαι

66 1393 112 1430 δὲ
127 1395 180 1440 ἃς
194 1392 437 1446 νομίζουσιν
456 1401 591 1450 εὐχὰς
605 1406 705 1451 περὶ
721 1403 897 1440 ἑαυτῶν·
917 1407 956 1441 εἰ
972 1406 1017 1443 δὲ
1042 1408 1311 1446 ἀναπείθοιεν
1331 1413 1435 1460 ὑπὲρ

65 1466 226 1504 ἑαυτῶν
264 1470 528 1520 στασιάζειν,
574 1477 723 1523 μηκέτι
755 1478 963 1528 συνᾴδειν,
1002 1482 1075 1516 ἵνα
1102 1484 1151 1530 μὴ
1179 1482 1295 1531 δίκην
1319 1484 1431 1522 δῶσι.

119 1539 267 1577 Ταῦτα
290 1542 335 1578 δέ
358 1557 426 1592 μοι
445 1547 636 1596 παρέστη
659 1549 710 1599 τῇ
738 1548 985 1600 Βοστρηνῶν
1018 1553 1101 1603 ἰδία
1123 1559 1434 1604 προαγορεῦσαι
1473 1570 1493 1598 c

62 1611 186 1649 πόλει
204 1613 272 1650 διὰ
290 1617 338 1651 τὸ
359 1618 432 1652 τὸν
471 1617 701 1655 ἐπίσκοπον
728 1619 854 1657 Τίτον
895 1626 962 1659 καὶ
996 1628 1099 1669 τοὺς
1137 1626 1358 1676 κληρικοὺς
1382 1627 1433 1674 ἐξ,

65 1682 117 1719 ὃν
139 1684 346 1723 ἐπέδοσαν
373 1687 535 1727 βιθλίων
561 1694 635 1726 τοῦ
663 1695 768 1741 μετὰ
788 1697 902 1743 σφῶν
935 1696 1127 1746 πλήθους
1152 1704 1431 1750 κατηγορηκέ·

63 1770 145 1803 ναι,
194 1758 253 1803 ὣς
294 1761 429 1796 αὐτῶν
478 1763 549 1811 μὲν
594 1769 910 1813 παραινούντων
955 1772 1012 1818 τῷ
1046 1770 1199 1819 πλήθει
1235 1774 1284 1821 μὴ
1330 1786 1429 1810 στα-

63 1827 243 1877 σιάζειν,
261 1832 500 1881 ὁρμωμένου
521 1833 567 1871 δὲ
584 1838 660 1871 τοῦ
673 1836 864 1887 πλήθους
879 1843 990 1888 πρὸς
1007 1840 1204 1887 ἀταξίαν,
1229 1843 1239 1856 ³
1253 1843 1308 1881 Εν
1331 1848 1427 1894 γοῦν

61 1904 156 1946 τοῖς
179 1902 357 1948 βιδλίοις
380 1908 449 1940 καὶ
469 1907 600 1956 αὐτὴν
626 1909 675 1957 ἣν
697 1909 926 1960 ἐτόλμησεν
958 1913 1166 1965 ἐγγράψαι
1185 1918 1261 1965 τὴν
1285 1921 1426 1967 φωνὴν

107 2032 129 2068 2
149 2045 199 2079 sq.
223 2034 268 2068 cf.
290 2048 326 2080 p.
352 2036 432 2079 163,
457 2048 474 2070 2
496 2050 546 2084 sq.
569 2039 583 2084 23
617 2039 662 2075 10
683 2053 732 2086 sq.
755 2042 798 2076 cf.
824 2042 953 2077 Zenob.
982 2045 1115 2079 Cenem.
1141 2045 1169 2077 Υ
1191 2047 1233 2081 62
1313 2050 1354 2085 11
1377 2051 1423 2083 cf.

60 2085 148 2120 Plat.
172 2088 254 2133 [ις.
278 2088 400 2123 666Α.
424 2090 554 2126 Zenob.
578 2093 712 2127 centur.
734 2093 762 2125 V
777 2094 822 2140 69
855 2098 857 2104 ’
878 2097 923 2132 13
941 2098 985 2131 cf.
1006 2111 1040 2143 p.
1065 2099 1123 2134 62.
1149 2098 1181 2132 3.

105 2139 228 2187 ‘20⁵q.
249 2141 431 2177 Sozomen.
452 2143 482 2175 V
498 2145 553 2180 15.
577 2158 614 2180 11
630 2160 681 2193 sq.
697 2162 704 2170 ·

104 2265 134 2299 U

92 2331 126 2367 γΒ
145 2333 175 2366 οἱ
189 2333 317 2368 Petau:
334 2334 372 2369 osa
392 2336 469 2369 cod.
496 2338 511 2381 j}
527 2337 547 2373 7
563 2345 673 2373 κακῶν
689 2340 848 2375 Hertlein
863 2356 869 2374 z
887 2350 1002 2377 κακῶς
1017 2345 1093 2379 cod.
1118 2347 1133 2390 ij
1151 2348 1196 2384 10
1211 2348 1253 2382 τὰ
1265 2349 1416 2385 Horkel:

54 2384 94 2420 τὸ
115 2386 199 2420 cod.
244 2388 262 2432 Η
303 2388 348 2424 14
380 2394 415 2423 et
451 2389 499 2426 2⁰
533 2398 801 2440 προσαγορεῦσαι
834 2396 928 2439 cod„
963 2409 1052 2432 corr.
1088 2399 1218 2447 Heyler
1251 2404 1266 2447 Η
1301 2403 1347 2440 16
1376 2417 1418 2439 an

55 2444 99 2480 <
114 2440 210 2485 ἱερῶν
227 2446 270 2480 >
292 2442 423 2487 αἱρεῖ-μῦ
440 2444 535 2490 cf-p.
551 2445 610 2491 49,
631 2458 673 2493 29
695 2460 745 2494 sq.
763 2462 771 2491 3
792 2450 851 2495 94›
871 2461 914 2484 20
929 2462 980 2496 sq.
995 2456 1030 2484 et
1054 2453 1132 2499 194,
1152 2452 1197 2489 35
1214 2468 1264 2502 sq.
1291 2457 1307 2503 Π
1334 2458 1417 2504 μηδὲ

54 2491 227 2528 Hel-cher:
255 2496 339 2540 μήτε
365 2496 442 2531 cod.
470 2499 486 2542 Η
511 2498 554 2534 18
583 2502 655 2545 περὶ
684 2501 759 2535 cod.
789 2516 794 2534 :
828 2502 907 2548 ὑπὲρ
937 2503 1093 2540 Hercher
1123 2509 1138 2549 31
1166 2508 1212 2545 23
1234 2511 1278 2550 ὡς
1307 2510 1415 2546 αὐτῶν

53 2544 198 2581 Reiske:
224 2574 328 2582 .......
333 2554 399 2584 τῶν
418 2550 494 2585 cod.

1184 2646 1220 2667 12
