1715 2796
0 811 53 855 J=10

556 73 612 107 ET
641 72 790 108 LEGES
820 94 864 100 -—
895 74 1000 121 78-79
1423 78 1467 123 93

90 172 188 195 των.
212 157 338 196 Ἐπεὶ
360 159 406 195 δὲ
437 157 606 210 κληθεὶς
630 159 696 204 εἰς
722 160 770 195 τὸ
796 147 1082 208 στρατόπεδον
1114 161 1194 197 ὑπὸ
1229 164 1302 197 τοῦ
1337 176 1467 211 μακα-

88 233 204 279 ρίτου
235 231 527 268 Κωνσταντίου
552 233 712 282 ταύτην
747 231 1010 283 ἐπορευόμην
1047 235 1124 283 τὴν
1149 233 1259 280 ὁδόν,
1284 234 1366 270 ἀπὸ
1388 236 1467 284 τῆς

89 302 289 354 Τρῳάδος
310 303 456 353 ὄρθρου
478 303 634 349 βαθέος
652 304 898 351 διαναστάς,
920 303 1046 354 ἦλθον
1068 306 1135 350 εἰς
1155 308 1204 342 τὸ
1222 304 1349 341 Ἴλιον
1370 310 1468 355 περὶ

87 373 329 426 πλήθουσαν
354 376 522 427 ἀγοράν·
551 377 570 412 ὁ
607 376 652 412 δὲ
685 377 904 427 ὑπήντησε
940 379 1008 413 καὶ
1033 376 1270 428 βουλομένῳ
1294 381 1372 429 τὴν
1393 380 1469 415 πό·

87 446 150 484 λιν
175 448 358 497 ἱστορεῖν
386 447 455 499 (ἦν
486 451 562 499 γάρ
589 463 655 498 μοι
687 451 812 485 τοῦτο
846 450 1073 500 πρόσχημα
1105 453 1179 486 τοῦ
1212 453 1364 500 φοιτᾶν
1401 452 1467 496 εἰς

89 521 144 556 τὰ
171 519 282 572 ἱερὰ)
301 523 565 572 περιηγητής
586 534 634 558 τε
661 521 831 572 ἐγένετο
866 524 933 557 καὶ
956 519 1194 573 ἐξενάγησέ
1233 537 1282 572 με
1305 537 1466 561 παντα-

90 595 183 643 χοῦ.
199 592 356 629 Ἄκουε
377 595 519 629 τοίνυν
536 593 636 644 ἔργα
655 596 723 630 καὶ
737 592 901 643 λόγους,
928 593 1001 644 ἀφ’
1019 593 1072 630 ῶν
1095 595 1144 630 ἄν
1167 609 1236 640 τις
1257 596 1466 632 εἰκάσειεν

90 665 164 702 οὒκ
185 665 403 716 ἀγνώμονα
423 668 477 701 τὰ
499 667 607 715 πρὸς
637 668 740 711 τοὺς
764 666 890 711 θεοὺς
912 667 1054 704 αὐτόν.

144 736 308 788 ”Ηρῷόν
339 737 453 774 ἐστιν
477 737 704 787 οΕκτορος,
729 740 834 775 ὅπου
861 737 1045 789 χαλκοῦς
1082 740 1259 790 ἕστηκεν
1296 742 1469 790 ἀνδριὰς

91 809 135 846 ἐν
173 808 326 860 ναΐσκῳ
365 810 528 862 βραχεῖ.
566 809 713 861 Τούτῳ
750 813 823 847 τὸν
865 812 991 861 μέγαν
1027 812 1293 863 ἀντέστησαν
1331 812 1469 864 Ἀχιλ-

91 880 167 918 λέα
203 884 311 918 κατὰ
345 884 393 919 τὸ
427 883 645 931 ὕπαιθρον·
686 883 725 918 εἰ
759 885 832 918 τὸν
873 885 1004 919 τόπον
1039 883 1215 931 ἐθεάσω,
1249 883 1469 934 γνωρίζεις

92 954 301 1004 δήπουθεν
324 955 346 990 ὃ
377 954 495 1005 λέγω.
523 954 611 1005 Τὴν
655 956 727 1004 μὲν
768 954 839 990 οὖν
878 956 1080 1004 ἱστορίαν,
1120 955 1171 992 δι>
1209 958 1259 1006 ἣν
1292 958 1312 993 ὃ
1341 958 1469 1009 μέγας

90 1007 314 1078 ,Αχιλλεὺς
350 1028 707 1077 ἀντιτεταγμένος
742 1028 853 1077 αὐτῷ
886 1029 971 1063 πᾶν
1009 1030 1056 1064 τὸ
1091 1029 1294 1078 ὕπαιθρον
1334 1033 1470 1067 κατεί-

92 1098 240 1150 ληφεν,
274 1097 421 1145 ἔξεστί
441 1113 508 1136 σοι
527 1101 608 1136 τῶν
639 1102 902 1150 περιηγητῶν
929 1101 1111 1139 ἀκούειν.
1140 1099 1247 1151 ΞΕγὼ
1275 1102 1319 1137 δὲ
1346 1116 1469 1138 κατα-

91 1169 224 1209 λαὸὼν
249 1171 462 1222 ἐμπύρους
487 1171 565 1215 ἔτι,
603 1175 743 1222 μικροῦ
775 1171 853 1208 δέω
879 1174 1010 1222 φάναι
1044 1171 1262 1222 λαμπροὺς
1283 1174 1348 1210 ἔτι
1367 1176 1469 1218 τοὺς

95 1244 261 1294 βωμοὺς
284 1246 352 1282 καὶ
369 1243 557 1293 λιπαρῶς
575 1242 857 1295 ἀληλιμμένην
876 1247 953 1294 τὴν
979 1248 1052 1281 τοῦ
1074 1245 1286 1295 ιΈκτορος
1309 1247 1467 1288 εἰκόνα,

92 1318 200 1366 πρὸς
237 1316 451 1367 Πηγάσιον
486 1317 658 1353 ἀπιδών·
705 1333 722 1351 κ
762 1319 805 1353 τἰ
839 1320 1006 1363 ταῦτα;
1040 1333 1058 1352 >>
1092 1317 1229 1360 εἷπον,
1270 1334 1287 1353 ι(
1329 1318 1470 1363 Ἰλιεῖς

95 1390 290 1434 θύουσιν;
316 1404 335 1424 ))
371 1386 718 1439 ἀποπειρώμενος
740 1390 874 1438 ἠρέμα
897 1390 955 1434 ὣς
989 1389 1081 1440 ἔχει
1113 1392 1294 1441 γνώμης.
1325 1391 1376 1428 ‘0
1408 1391 1467 1428 δέ·

98 1478 115 1497 (ι
151 1464 218 1498 καὶ
246 1464 288 1498 τί,
325 1465 451 1498 τοῦτο
492 1462 666 1502 ἄτοπον,
707 1461 837 1510 ἄνδρα
877 1462 1030 1511 ἀγαθὸν
1075 1462 1237 1499 ἑαυτῶν
1274 1462 1466 1513 πολίτην,

95 1536 232 1584 ὥσπερ
254 1536 379 1584 ἡμεῖς
405 1548 441 1580 )>,
466 1533 564 1584 ἔφη,
593 1549 611 1568 «
634 1536 737 1578 τοὺς
774 1536 1001 1583 μάρτυρας,
1028 1535 1068 1569 εἰ
1095 1535 1398 1584 θεραπεύουσιν
1418 1549 1427 1583 ;
1449 1553 1467 1572 »

95 1606 149 1644 εΗ
180 1607 252 1656 μὲν
277 1605 348 1642 οὖν
379 1606 500 1642 εἰκὼν
533 1607 611 1657 οὐχ
641 1607 777 1656 ὑγιής,
805 1607 828 1656 ἦ
861 1606 906 1642 δὲ
939 1609 1185 1655 προαίρεσις
1211 1606 1256 1643 ἐν
1288 1607 1469 1653 ἐκείνοις

96 1676 388 1729 ἐξεταζομένη
414 1681 508 1723 τοῖς
539 1681 699 1727 καιροῖς
733 1678 895 1715 ἄστεἰα.
933 1677 986 1714 Τί
1009 1678 1056 1728 δὴ
1099 1681 1146 1715 τὸ
1180 1681 1285 1729 μετὰ
1317 1683 1466 1725 τοῦτο;

100 1767 119 1786 ι(
146 1751 402 1800 Βαδίσωμεν,
426 1765 444 1785 »
468 1750 592 1801 ἔφην,
626 1765 644 1785 «
671 1750 743 1786 ἐπὶ
769 1752 815 1786 τὸ
838 1752 920 1799 τῆς
940 1749 1116 1795 Ἰλιάδος
1139 1749 1326 1802 Ἀθηνᾶς
1346 1754 1471 1803 τέμε-

98 1837 172 1869 νος
194 1838 230 1861 >).
251 1822 302 1860 ‘0
324 1822 370 1859 δὲ
395 1824 463 1859 καὶ
489 1821 597 1872 μάλα
614 1822 839 1872 προθύμως
863 1822 1051 1872 ἀπήγαγέ
1076 1836 1123 1872 με
1140 1825 1208 1859 καὶ
1222 1822 1384 1875 ἀνέῳξε
1396 1827 1468 1861 τὸν

100 1896 217 1942 νεών,
247 1897 315 1932 καὶ
337 1895 476 1944 ὥσπερ
514 1896 826 1944 μαρτυρόμενος
858 1892 1057 1940 ἐπέδειξέ
1097 1909 1163 1944 μοι
1193 1898 1335 1932 πάντα
1361 1897 1471 1946 ἀκρι-

100 1967 183 2013 θῶς
202 1968 290 2003 σῶα
308 1968 363 2003 τὰ
394 1965 625 2017 ἀγάλματα,
662 1967 730 2002 καὶ
765 1963 949 2015 ἔπραξεν
984 1967 1106 2003 οὐθὲν
1141 1966 1194 2003 ῶν
1217 1968 1411 2005 εἰώθασιν
1433 1971 1473 2005 οἱ

101 2039 319 2084 δυσσεδεῖς
341 2038 497 2075 ἐκεῖνοι
524 2040 744 2087 πράττειν,
772 2037 843 2074 ἐπὶ
879 2041 952 2074 τοῦ
994 2040 1185 2087 μετώπου
1219 2043 1293 2076 τοῦ
1328 2041 1473 2077 δυσσε-

150 2207 182 2241 H

149 2280 173 2316 4
193 2284 352 2326 <μοι>
374 2279 428 2313 καὶ
445 2278 606 2312 Hertlein
625 2279 639 2323 Η
657 2278 701 2315 10
719 2279 840 2324 Τοότῳ
858 2277 913 2312 τὸν
933 2280 1036 2325 μέγαν
1053 2276 1256 2323 ἀντέστησαν
1277 2280 1445 2328 Henning
1460 2296 1465 2313 ;

101 2335 220 2369 τούτου
239 2331 295 2368 τὸν
315 2332 416 2380 μέγαν
438 2332 580 2377 ἔστησαν
601 2331 678 2366 cod.
705 2332 720 2377 Η
743 2332 788 2368 15
813 2330 994 2378 ἐμπεῖρουσ
1021 2332 1114 2375 cod„
1143 2345 1233 2367 corr.
1261 2333 1430 2382 Henning
1452 2338 1468 2379 Η

104 2390 222 2435 μικροῦ
244 2399 263 2420 e
282 2389 410 2432 μακροῦ
427 2398 517 2420 corr.
537 2386 615 2420 cod.
639 2386 654 2430 ΙΙ
678 2385 789 2428 15116
805 2385 850 2420 ἔτι
871 2384 948 2425 τοὺς
971 2386 1104 2430 βωμοὺς
1124 2386 1315 2434 Henning:
1341 2386 1391 2424 ἐπὶ
1412 2394 1470 2423 τοῦ

105 2443 222 2489 βωμοῦ
236 2440 312 2475 cod.
333 2441 348 2485 Η
371 2439 416 2476 18
431 2440 482 2474 ὡσ
501 2439 599 2475 cod.:
621 2446 699 2474 πῶσ
715 2439 886 2486 Henning
906 2440 921 2483 ΙΙ
940 2439 984 2475 21
1012 2439 1060 2475 ‘H
1078 2439 1135 2487 μὲν
1155 2440 1343 2488 Henning:
1368 2441 1394 2476 εἰ
1412 2442 1469 2489 μὲν

104 2495 182 2532 cod.
207 2496 224 2541 ΙΙ
241 2494 288 2531 25
307 2494 576 2542 μαρτυρούμενος
595 2493 765 2540 Henning
782 2494 797 2538 Η
816 2493 861 2529 27
883 2505 934 2539 sq.
956 2494 993 2527 τὸ
1010 2493 1192 2540 ὑπόμνημα
1210 2499 1271 2529 τοῦ
1291 2495 1471 2542 δυσσεβοῦς

105 2555 235 2596 transp.
258 2547 428 2594 Henning
